3172 5820
818 580 839 643 4

209 751 376 834 dispositis
401 753 527 834 singula
544 771 691 835 quaeque
708 756 805 819 certis
820 757 1009 836 quibusdam
1026 755 1255 821 delectantium
1271 760 1328 822 aut
1343 775 1454 821 rerum

208 869 266 959 aut
287 866 455 930 verborum
478 864 651 946 generibus
674 886 884 932 annumerare
908 887 1004 950 posse
1028 870 1087 933 sibi
1112 868 1289 934 videantur.

312 978 380 1042 Nec
404 983 510 1042 tamen
535 977 716 1058 defuerunt,
748 980 800 1061 qui
834 981 883 1044 161
918 981 1150 1063 antiquissimis
1181 982 1381 1063 temporibus
1414 981 1455 1045 ad

209 1089 291 1154 hauc
313 1109 380 1154 rem
411 1091 533 1156 animos
561 1093 780 1158 attenderent.
811 1094 857 1156 Ex
890 1093 1004 1176 quibus
1035 1093 1090 1158 ille
1121 1094 1324 1177 praesertim,
1356 1112 1454 1176 quem

210 1208 493 1269 commentatorem
524 1205 557 1269 in
589 1207 774 1272 Aristotelis
803 1208 842 1271 de
874 1207 1005 1272 Poetica
1036 1212 1207 1271 tractatum
1239 1205 1342 1271 luisse
1373 1205 1453 1272 Cra-

208 1333 316 1379 merus
338 1317 474 1398 putavit,
493 1318 518 1399 ¹)
546 1318 632 1384 inter
654 1338 775 1398 omnes,
808 1338 886 1401 quos
910 1320 1040 1401 quidem
1063 1319 1256 1384 Duebnerus
1287 1319 1320 1384 in
1344 1320 1453 1402 prole·

209 1428 351 1508 gomenis
374 1429 414 1493 ad
438 1429 558 1495 scholia
580 1450 697 1512 graeca
720 1432 859 1513 collegit,
892 1433 956 1508 rapt
986 1434 1144 1510 κωμῳδίας
1166 1432 1353 1514 scriptores,
1385 1450 1453 1496 ma-

209 1524 326 1604 ximum
348 1548 411 1610 τοῖς
434 1544 556 1620 γελοίοις
579 1544 719 1609 studium
742 1545 927 1627 impertivit.
966 1545 1102 1610 Schema
1126 1544 1209 1608 enim
1233 1545 1288 1609 1116
1310 1543 1452 1625 aliquod,

209 1660 246 1718 ut
261 1654 370 1735 aiunt,¹
384 1657 569 1738 composuit,
587 1677 648 1739 quo
665 1665 789 1741 septem
806 1677 926 1739 genera
939 1659 1024 1724 risus
1040 1655 1100 1719 dud
1125 1662 1176 1737 vic
1198 1657 1313 1740 λέξεως,
1331 1663 1405 1723 6616
1424 1659 1454 1716 ἐκ

209 1771 266 1826 τῶν
288 1766 469 1848 πραγμάτων
493 1771 667 1836 exorientis
691 1772 844 1838 distinxit.

313 1881 381 1946 Nee
406 1901 481 1948 vero
506 1884 674 1965 quisquam
697 1884 825 1967 putabit
847 1891 991 1951 nostrum
1016 1904 1099 1964 esse,
1123 1891 1159 1950 nt
1181 1884 1292 1950 dehis
1316 1883 1454 1966 quinde-
1527 1908 1530 1923 ·

211 1995 281 2075 cim,
305 2013 387 2077 quae
411 1995 588 2062 Graeculus
612 1997 666 2061 ille
690 1999 867 2077 constituit,
898 2005 954 2064 aut
976 2017 1083 2062 rerum
1106 2004 1162 2063 aut
1185 1997 1353 2063 verborum
1376 1996 1454 2061 ridi'·

211 2109 353 2173 culorum
384 2110 557 2190 generibus
588 2112 769 2176 accuratius
799 2112 1017 2193 inquiramus;
1048 2132 1110 2178 non
1142 2115 1225 2177 enim
1259 2112 1456 2178 arbitramur

211 2219 290 2302 fore,
315 2221 368 2303 qui
392 2222 519 2304 integra
541 2224 597 2287 illa
619 2225 842 2306 partitionem
860 2226 1046 2291 enarrandis
1062 2232 1178 2309 po'etae
1195 2225 1307 2291 comici
1323 2224 1454 2290 virtuti-

182 2410 188 2427 ,
210 2336 270 2400 bus
307 2335 354 2400 uti
388 2335 482 2415 velit;
518 2342 660 2401 attamen
696 2338 843 2402 dubitare
878 2357 940 2404 non
971 2339 1057 2417 11661,
1097 2338 1172 2420 quin
1206 2338 1358 2423 primaria
1388 2336 1455 2418 illa,

175 2434 187 2539 l
212 2450 385 2514 secundum
409 2469 503 2532 quam
527 2450 611 2515 risus
635 2451 737 2516 omnis
761 2457 817 2515 aut
838 2452 935 2517 rebus
959 2451 1116 2517 debeatur
1139 2457 1195 2519 aut
1218 2453 1336 2532 verbis,
1367 2452 1456 2517 iusta

171 2554 179 2641 1
212 2563 264 2627 sit·
278 2563 402 2628 divisio.

317 2676 445 2754 Quare
468 2695 628 2759 perpensa
651 2677 678 2742 si
702 2678 783 2760 quis,
809 2697 890 2759 quae
914 2625 1012 2760 abba
1040 2679 1284 2744 memoravimus
1307 2684 1454 2742 veterum

214 2789 436 2872 Aristophanis
470 2791 684 2872 interpretum
708 2792 816 2870 verba,
848 2791 1094 2872 perlustraverit
1124 2793 1240 2870 acrius,
1272 2789 1368 2855 facile
1398 2789 1455 2856 ille

212 2902 408 2970 omniafere
431 2902 471 2969 ad
494 2903 583 2968 lusus
606 2905 638 2969 iu
662 2905 769 2970 verbis
793 2904 869 2970 solis
893 2923 1019 2987 quoquo
1035 2904 1126 2969 modo
1142 2904 1265 2987 positos
1288 2904 1456 2987 pertinere

211 3015 397 3096 intelleget;
419 3037 493 3082 nam
516 3037 598 3099 quae
619 3017 766 3081 ridentur
788 3017 820 3081 in
843 3018 950 3097 rebus,
974 3016 1091 3081 leviter
1114 3021 1148 3080 et
1171 3036 1282 3097 parum
1306 3022 1458 3081 accurate

213 3130 319 3194 solent
341 3133 512 3212 attingere,
536 3132 582 3195 ita
605 3137 719 3196 utnon
736 3130 905 3195 videantur
923 3128 1022 3195 fuisse
1043 3131 1157 3210 ignari,
1183 3137 1301 3211 quanto
1318 3130 1459 3195 maiores

134 3328 141 3338 Ι
213 3229 367 3308 inrebus
390 3263 483 3325 quam
507 3246 539 3308 in
571 3245 677 3309 verbis
711 3245 901 3326 quibusdam
933 3244 1075 3309 ridiculis
1108 3244 1351 3308 ‹lenomiuamlis
1373 3243 1457 3308 late-

213 3361 287 3421 rent
309 3354 525 3421 difficultates.
551 3357 692 3435 Quosne
716 3357 788 3438 quis
812 3362 905 3438 putet
929 3359 1015 3421 vinci
1034 3376 1130 3439 posse
1147 3356 1258 3422 1661161
1281 3357 1361 3421 Nam
1386 3374 1460 3420 cum

214 3469 377 3552 Trygaeus
401 3469 553 3534 cantharo
577 3475 688 3534 vectus
713 3470 836 3533 caelum
860 3470 952 3551 petit,
976 3470 1061 3535 ridet
1085 3478 1173 3535 certe
1205 3476 1334 3535 caterva
1365 3469 1459 3534 11166-
1538 3482 1542 3487 “

215 3584 275 3647 tris
306 3583 441 3664 stipata3
476 3583 535 3648 hoc
571 3585 654 3648 enim
690 3583 793 3664 dulce,
827 3582 891 3667 hoc·
917 3581 1003 3646 melli
1037 3590 1104 3662 est;
1135 3586 1200 3647 sint
1222 3582 1366 3661 forsitan,
1403 3581 1459 3664 qui

215 3697 328 3778 sciant,
353 3696 427 3778 quid
451 3703 485 3761 et
508 3681 572 3760 cur
594 3696 734 3776 rideant;
766 3702 881 3776 quotus
905 3715 981 3760 vero
1007 3682 1148 3777 'quisque
1181 3702 1240 3771 est,
1273 3695 1328 3776 qui
1358 3694 1460 3759 totius

214 3809 272 3887 161,
305 3827 398 3890 quam
430 3809 523 3874 modo
552 3810 695 3874 ridentes
726 3808 925 3890 spectabant,
957 3809 1019 3872 vim
1051 3809 1200 3873 comicum
1234 3809 1318 3873 intra
1351 3814 1460 3898 arctos

214 3922 308 3986 unius
332 3900 477 3987 vocabuli
499 3922 620 3987 limites
645 3927 793 3987 coercere
817 3926 859 4001 61,
884 3921 968 4002 quod
992 3927 1043 3986 est
1059 3922 1156 3987 etiam
1172 3922 1284 4000 malua,
1308 3925 1460 3985 accurate

216 4053 293 4100 voce
317 4034 451 4101 definire
476 4039 511 4099 et
533 4036 797 4100 circumscribere
821 4036 942 4117 queat?

320 4147 362 4210 Et
384 4149 416 4212 in
439 4147 527 4212 hisce
551 4148 680 4229 quidem
703 4148 860 4228 angustiis
883 4147 916 4211 iu
947 4148 1031 4211 omni
1063 4166 1099 4211 re
1123 4148 1243 4214 comica
1276 4146 1459 4229 haeremus,

217 4277 322 4341 neque
363 4266 414 4325 est
450 4260 531 4325 haec
569 4258 742 4325 difficultas
780 4261 821 4325 ad
854 4261 956 4325 solum
991 4260 1238 4343 Aristophanem
1275 4256 1465 4325 referendas
1503 4332 1507 4338 J

216 4373 382 4438 Accedunt
403 4375 436 4438 in
459 4375 555 4438 rebus
580 4375 707 4440 comicis
730 4381 876 4441 veterum
899 4376 1091 4457 scriptorum
1124 4373 1320 4457 explicandis
1359 4374 1461 4439 multa

218 4490 252 4550 et
274 4485 346 4569 alia,
378 4505 460 4568 quae
483 4488 666 4569 legentibus
689 4489 791 4571 nobis,
822 4507 885 4552 non
911 4488 1132 4570 spectantibus
1164 4505 1314 4553 eorumve
1349 4490 1459 4551 aetate

218 4598 409 4680 viventibus,
433 4620 495 4666 non
519 4602 607 4666 leves
624 4601 778 4683 quasdam
793 4601 958 4666 molestias
974 4604 1099 4682 parant,
1123 4598 1180 4664 sed
1196 4599 1332 4663 maxima
1354 4597 1459 4664 laces·

218 4786 425 4796 ———.

331 4863 348 4925 ¹)
368 4863 394 4913 in
415 4863 507 4914 arreed.
526 4861 613 4918 Paria.
641 4860 699 4914 Vol.
719 4861 740 4918 1.
759 4859 825 4921 103ς
854 4858 1043 4915 ef.l)uebue1·i
1064 4856 1148 4910 schol.
1164 4872 1251 4925 graec.
1270 4858 1298 4910 iu
1322 4855 1458 4935 Aristoph.

218 4964 281 5024 pag.
301 4947 394 5007 XXlt.
