3172 5820
717 532 873 632 „252

266 698 480 788 Dicaeopolis
502 705 557 770 ille
582 741 623 756 -
646 709 687 772 ad
710 709 857 790 exempla
887 709 971 787 enim
1001 707 1118 772 iterum
1140 707 1322 790 iterumque
1346 726 1419 773 con·

155 812 247 893 fugio
274 850 317 862 -
340 819 459 899 prioris
482 819 568 884 vitae
592 821 777 885 recordatus
810 821 843 884 in
866 820 944 885 Ach.
975 820 1192 885 ,vss433-36
1214 802 1297 885 haec
1320 821 1415 886 dicit:

376 975 402 997 -.
438 985 446 998 .
569 985 576 998 .
616 932 718 994 τόνδ’
744 931 1077 1014 dpdr·dr'pporuodoiv,

377 1039 411 1114 ὃς
436 1043 621 1108 οὐδεπώποτ’
646 1044 733 1120 εἶπεν,
757 1042 912 1124 ἄνθρακας
934 1050 1011 1123 πρίω

378 1157 433 1219 oda
456 1155 537 1232 ὄξος,
562 1158 615 1227 oda
638 1159 743 1234 ἔλαιον,
768 1157 834 1221 οὐδ’
857 1156 922 1244 ᾔδει
944 1164 1034 1237 πρίω,

378 1271 439 1333 ἀλλ’
464 1270 553 1342 αὐτός
574 1272 658 1350 ἔφερε
681 1273 778 1335 πάντα
801 1261 842 1357 poi
863 1277 956 1351 πρίων
977 1272 1065 1354 ἀπῆν.

277 1386 387 1451 Habes
411 1387 510 1467 igitur
533 1389 625 1463 πρίων
648 1387 723 1454 ficta
746 1389 801 1452 illa
823 1388 863 1452 ab
880 1387 1094 1470 Aristophane
1118 1389 1194 1464 πρίω
1219 1387 1413 1453 clamitantis

163 1497 416 1579 significatione,
441 1502 545 1565 itaut
568 1501 627 1566 boc
650 1502 837 1567 vccabulum
860 1521 923 1565 non
954 1502 1056 1566 solnm
1079 1501 1120 1566 ad
1143 1501 1214 1578 eius
1237 1501 1328 1565 verbi
1350 1500 1415 1566 ior·

161 1631 245 1694 maa,
272 1613 356 1695 quae
379 1615 411 1678 ln
435 1615 704 1696 praecedentibus
737 1633 800 1679 vss.
822 1614 1025 1693 habeantur,
1060 1619 1196 1696 spectet,
1229 1614 1286 1678 sed
1318 1614 1426 1678 etiam‘

168 1725 214 1788 sit
237 1727 432 1808 ambiguum.
519 1747 581 1810 quo
604 1729 673 1794 loco
706 1747 770 1793 vss.
806 1726 977 1792 699-700
1001 1724 1144 1804 διώκομεν
1167 1764 1207 1774 -
1232 1723 1416 1803 διωκόμεθα,

148 1826 245 1919 'quos
262 1841 420 1922 explicavi
436 1797 542 1923 dudm,
567 1860 606 1906 ea
621 1861 657 1905 re
673 1840 835 1920 differunt,
860 1840 944 1922 quod
961 1839 994 1903 in
1012 1836 1108 1899 διώκοι
1125 1845 1160 1904 et
1174 1839 1340 1900 διώκοοδοιι
1354 1855 1418 1904 uon
1494 1895 1498 1911 ,

167 1951 244 2016 ficta
279 1955 320 2018 ab
342 1954 570 2036 'Aristophane
605 1953 813 2034 ambiguitas,
846 1953 903 2039 sed
939 1953 1009 2034 ipsa
1043 1952 1267 2017 vocabulorum
1301 1957 1417 2016 natura

171 2057 292 2147 duplex
316 2085 431 2132 sensus
454 2068 550 2133 inest.
587 2069 729 2146 Quocum
763 2067 845 2146 lusu,
882 2068 1030 2148 quoniam
1069 2065 1109 2130 ab
1143 2085 1205 2131 uno
1240 2065 1417 2146 eodemque

164 2178 264 2242 verbo
289 2178 405 2239 διώκειν
428 2181 489 2245 hae
511 2179 633 2246 formae
665 2181 842 2261 ducuntur,
873 2180 964 2244 lusus
998 2178 1070 2258 ille,
1106 2179 1161 2260 qui
1195 2184 1247 2242 est
1280 2177 1313 2241 in
1335 2176 1414 2241 Ach.

167 2309 227 2356 vss
257 2292 477 2357 rora-1026
496 2341 894 2360 ..........

343 2486 349 2498 .
387 2486 393 2497 .
429 2485 437 2500 .
472 2483 480 2498 .
518 2433 573 2495 ,Γ
571 2456 617 2494 em.
642 2435 796 2512 ἐπετρίβην
818 2430 968 2501 ἀπολέσας
990 2429 1030 2491 τοὶ
1054 2431 1132 2511 βόε.
1227 2452 1229 2457 ·

322 2549 386 2625 Δία.
418 2545 534 2610 nider:
556 2548 588 2606 Γ
585 2570 631 2611 scr.
647 2544 717 2606 ’ἀπὸ
744 2549 844 2626 Φυλῆς
867 2545 974 2625 ἔλαβον
998 2548 1026 2605 οἱ
1050 2543 1258 2606 Βοιώτιοι,

324 2662 388 2727 Ara.
423 2653 447 2720 οἶ
470 2650 731 2738 τριςκακοδαίμων,
755 2656 816 2719 εἶτα
840 2658 940 2718 λευκόν
961 2655 1102 2739 aptabam

322 2775 354 2834 Γ
350 2796 397 2840 εω.
421 2777 470 2834 καὶ
491 2778 585 2834 ταῦτα
599 2781 700 2853 μέντοι
716 2778 750 2853 νη
768 2773 821 2834 Δί’
846 2767 925 2851 ὥπερ
948 2771 978 2850 μ’
996 2773 1155 2851 ἐτρεφέτην

377 2891 382 2904 “
428 2889 830 2967 ἑνπᾶσιβολίτοιςκτλ,

165 3022 226 3067 non
250 3002 348 3084 plane
372 3008 424 3066 est
453 3003 702 3084 comparandus;
733 3018 806 3065 narn
829 2997 973 3060 Βοιώτιοι
996 3000 1036 3064 ab
1068 2999 1180 3065 eadem
1203 3000 1311 3064 radice
1342 3005 1413 3063 tan-

166 3122 229 3180 tum
253 3136 293 3180 ac
316 3115 503 3180 vocabulum
528 3113 581 3195 βόε
601 3114 765 3203 provenit;
789 3113 820 3177 in
839 3115 968 3192 βολίτοις
990 3118 1098 3178 autem
1115 3112 1324 3190 similitudine
1340 3119 1411 3178 tan-

166 3236 229 3294 tum
255 3229 358 3293 adiuti
382 3228 516 3293 eandem
540 3227 772 3292 derivationem
795 3224 948 3307 ridemus,
972 3246 1054 3309 quae
1072 3227 1159 3292 vocis
1175 3225 1408 3307 significatione

167 3342 279 3407 mirum
303 3343 485 3408 immodum
510 3347 654 3423 augetur.
824 3340 829 3355 ”

269 3456 375 3539 Saepe
400 3458 497 3520 etiam
515 3455 645 3520 'eadem
680 3454 823 3520 eiusdem
854 3455 999 3521 vocabuli
1032 3455 1134 3521 forma
1165 3454 1327 3537 reperitur
1357 3455 1408 3519 bis

168 3568 295 3650 quidem
319 3570 469 3652 repetita,
495 3568 553 3634 sed
576 3575 825 3649 mutatosensu,
849 3569 987 3634 velutin
1003 3568 1080 3635 Ach.
1096 3587 1159 3634 vss.
1180 3567 1412 3631 1134-1135:

322 3702 404 3779 Λαμ,
430 3705 459 3761 ἐν
481 3705 557 3778 τῷδε
580 3699 656 3780 πρός
678 3699 748 3770 τοὺς
770 3703 928 3779 πολεμίους
953 3697 1153 3780 θωρήξομαι.,

323 3816 388 3878 Aru.
428 3819 456 3874 ἐν
479 3820 554 3892 τῷδε
577 3812 654 3892 πρὸς
677 3813 746 3883 τοὺς
769 3811 923 3894 συμπότας
947 3811 1140 3893 θωρήξομαι.

272 3952 507 4041 Nonnunquam
529 3956 615 4020 idem
638 3956 826 4022 vocabulum
849 3955 997 4034 recurrit,
1031 3954 1090 4018 sed
1112 3953 1214 4044 altero
1245 3951 1315 4017 loco
1341 3969 1412 4019 cum

157 4068 405 4150 praepositione
427 4069 536 4153 aliqua
558 4069 608 4138 ita,
628 4070 848 4153 compositum,
880 4074 915 4133 ut
938 4086 1052 4132 sensus
1083 4054 1241 4145 mutetur3
1266 4063 1306 4129 cf.
1330 4064 1411 4129 Rau.

156 4197 210 4244 VS·
236 4181 337 4246 1026:
378 4178 440 4241 εἶτα
463 4180 588 4254 διδάξας
610 4183 729 4260 Πέρσας
753 4179 826 4260 μετὰ
850 4179 936 4242 τοῦτ’
962 4157 1115 4258 ἐπιθυμεῖν
1139 4175 1295 4251 ἐξεδίδαξα

273 4325 277 4333 ·
373 4298 454 4355 νικᾶν
476 4292 521 4354 nisi
545 4292 614 4363 τούς
637 4293 813 4365 ἀντιπάλους
836 4299 896 4360 κτλ.

269 4433 321 4498 Fit
345 4434 452 4514 etiam,
477 4440 524 4513 ut,
549 4435 727 4501 cumidem
758 4435 946 4501 vocabulum
976 4434 1145 4515 repetitur,
1178 4429 1212 4510 id
1245 4430 1278 4496 in
1308 4430 1411 4526 altero

158 4566 266 4613 versu
281 4548 442 4629 proverbii
457 4547 527 4612 loco
545 4549 588 4612 sit
604 4549 792 4628 adhibitum,
803 4548 899 4613 'velut
912 4545 1006 4622 κόραξ
1021 4548 1054 4610 in
1071 4546 1167 4627 Vesp.
1183 4564 1247 4608 vss.
1263 4543 1410 4607 49-51:

322 4682 486 4764 ἄνθρωπος
509 4683 549 4747 ab
572 4685 622 4748 εἶτ’
647 4685 746 4766 ἐγίνετ’
771 4685 910 4765 ἐξαίφνης
932 4683 1036 4762 κόραξ·

322 4795 428 4862 οίκουν
451 4801 566 4880 ἐναργὲς
587 4805 677 4861 τοῦτο
702 4802 870 4880 συμβαλεῖν,
895 4793 940 4859 ὅτι

322 4911 427 4995 ἀρθείς
450 4911 503 4994 ἀφ’
528 4914 611 4993 ἡμῶν
635 4918 664 4983 ἐς
686 4912 814 4990 κόρακας
837 4913 985 4996 οἰχήσεται
992 4935 1003 4996 ‚·
