3248 5828
601 646 755 749 —zu—

47 825 232 893 annotaiit:
257 825 377 906 „Liber
398 831 510 891 noster
533 827 638 910 (Rev.)
670 832 706 892 ut
727 826 822 907 vulgo
859 818 1008 883 Μενέλαον
1041 815 1101 882 ὅσα
1130 821 1155 902 χ’
1191 827 1221 884 ἐκ
1242 827 1300 885 τάν

49 937 167 1017 aalma
190 938 456 1004 Emendationem
480 957 519 1003 ex
543 939 640 1005 Snida
664 940 836 1005 Piersonns
860 936 900 1003 ad
923 935 1048 1001 Moerin
1070 954 1100 1017 p.
1125 936 1300 1018 beregen·
1368 939 1373 946 '

49 1056 105 1117 ter
130 1053 266 1134 excepit.
290 1053 489 1135 Idemque
513 1072 540 1117 r.
565 1051 628 1114 918
653 1056 682 1121 ἐς
703 1049 826 1133 χάρας.“
861 1050 914 1115 Sic
937 1048 1035 1114 etiam
1058 1049 1243 1116 Dindorfius
1266 1052 1300 1117 in

52 1165 104 1228 ed.
129 1170 214 1246 poet.
239 1183 324 1230 scen.
348 1165 510 1247 Lipsiensi
534 1170 576 1250 (a.
606 1165 716 1244 1868):
751 1164 844 1245 ,sla
870 1166 898 1232 ἐς
920 1163 1007 1244 χέρας
1030 1181 1069 1227 ex
1092 1163 1201 1246 Enrip.
1226 1163 1297 1229 Hel.
1323 1149 1325 1152 ’
1444 1173 1446 1185 ·

51 1275 140 1363 ara]
167 1282 196 1346 ἐς
219 1275 320 1359 χάρας,
345 1275 489 1359 (ἐσχάρας
511 1278 635 1363 Aug.).“
677 1279 771 1361 Apud
793 1277 828 1344 E.
853 1277 888 1342 V.
911 1273 1124 1343 Fritnschinnr
1147 1277 1300 1363 legimus:

55 1390 249 1471 „Enimvero
278 1391 345 1457 cod.
365 1383 448 1472 Aug.
482 1394 516 1456 et
538 1392 666 1457 Iuntina
697 1394 724 1460 ἐς
746 1388 839 1473 χάρας
870 1390 1040 1472 exhibent,
1069 1390 1166 1473 idque
1196 1392 1302 1473 ipsum

54 1505 237 1569 Ravennati
262 1504 376 1568 tribuit
399 1504 597 1569 inverninius
629 1505 760 1584 merit03
787 1521 950 1586 perverse
974 1505 1059 1570 enim
1084 1504 1107 1568 l.
1132 1503 1302 1569 Bekkerus

52 1617 235 1683 Ravennati
259 1611 310 1682 hic
334 1621 362 1686 ἐς
384 1619 481 1698 χέρας,
506 1636 576 1683 mor
592 1624 700 1682 autem
723 1638 751 1682 r.
775 1617 839 1680 914
863 1619 1019 1698 aspidalis
1041 1619 1074 1678 di
1089 1616 1183 1700 χάρας
1199 1618 1301 1698 assig-

53 1736 120 1795 nat.
156 1731 207 1795 lta
229 1731 391 1795 interdum
414 1730 526 1795 comici
549 1729 681 1810 ludunt,
717 1736 753 1794 ut
787 1731 960 1812 interpreti
992 1731 1168 1814 critieoque
1200 1731 1302 1797 honor

53 1843 251 1928 praefandus
275 1845 326 1908 sit.
372 1842 481 1908 Veluti
504 1848 614 1908 nostre
637 1844 669 1907 in
693 1841 779 1922 loco,
811 1844 838 1906 si
863 1843 1034 1924 quidquam
1059 1845 1221 1910 codicibus
1245 1846 1301 1909 tri·
1389 1867 1392 1876 ·

54 1957 217 2023 buendnm
242 1961 303 2036 est,
327 1956 559 2038 Aristophanes
581 1956 789 2039 Euripideum
823 1960 877 2035 σῆς
910 1951 1063 2035 δάμαρτος
1097 1960 1126 2025 ἐς
1147 1956 1235 2038 χέρας
1258 1959 1304 2022 sic

54 2071 186 2137 videtur
208 2071 404 2149 immutasse,
430 2074 465 2134 nt
480 2070 587 2152 potius
604 2071 762 2135 scriberet
785 2075 840 2149 σῆς
863 2067 1016 2149 ἐάμαρσσς
1040 2064 1196 2151 ἐσχάρας.“
1222 2071 1302 2136 Tum

57 2185 97 2249 V.
122 2185 161 2249 D.
186 2184 268 2266 Eqn.
291 2203 319 2249 v.
347 2181 429 2247 1283
459 2172 498 2248 'ct
521 2184 652 2249 Suidam
683 2184 743 2249 snb
766 2203 844 2250 voce
868 2181 992 2266 ἐσχάραι
1012 2184 1167 2251 laudarit.
1213 2184 1304 2250 Addo

55 2299 156 2364 etiarn
178 2299 257 2364 non.
281 2298 400 2380 Engeri
423 2303 551 2364 notam:
577 2302 627 2379 ,ic
648 2295 742 2379 χάρας·
756 2298 833 2365 Rov.
856 2299 941 2364 lunt.
967 2288 1095 2380 ἐσχάρας
1117 2299 1198 2381 Aug.
1221 2297 1305 2381 quod

56 2410 168 2495 lepide
182 2390 388 2477 'Fritzscnius
421 2412 554 2494 probat,
589 2413 800 2495 probavitque
832 2414 894 2478 iam
928 2419 1004 2478 ante
1039 2431 1111 2478 enm
1134 2413 1171 2478 Β.
1195 2412 1305 2478 Thier·

56 2527 186 2606 schiuS,
209 2526 241 2591 in
266 2544 304 2592 eo
324 2532 413 2592 certe
437 2527 644 2609 prudentior,
681 2526 764 2608 quod
788 2523 885 2587 ἐέἐάα
907 2526 1002 2590 simul
1025 2527 1058 2592 in
1080 2520 1158 2607 ἥκων
1180 2530 1305 2592 mutan·

57 2641 135 2704 dum
160 2645 281 2704 censet
305 2639 412 2704 Etiam
426 2639 498 2704 Put.
523 2637 650 2721 ἐσχάρας
665 2641 907 2722 interpretatur.
932 2641 1029 2723 (sqq.)
1054 2643 1083 2708 ἐς
1105 2641 1192 2721 χέρας
1222 2640 1306 2723 quod

57 2747 112 2820 est
134 2753 218 2836 apud
240 2753 437 2836 Euripidem,
462 2754 607 2820 restituit
624 2755 796 2830 Kusterus,
818 2759 855 2818 ut
877 2753 940 2818 iam
956 2754 1112 2819 Zanettus
1129 2754 1303 2819 ediderat.“

146 2869 277 2949 ltaque
325 2886 514 2950 quamquam
561 2868 640 2934 haee
678 2867 864 2949 diligentius
902 2865 1105 2950 perscribere
1143 2867 1307 2933 debebant

58 2981 129 3046 VV.
167 2981 257 3058 bn,
295 3000 337 3046 ne
376 2981 427 3047 vel
465 2983 505 3046 de
547 2982 690 3048 codicum
731 2981 897 3065 scripturis
943 2986 1034 3047 esset
1078 2978 1302 3062 dubitandum,

62 3102 173 3162 tamen
204 3112 245 3159 ne
278 3095 314 3159 in
348 3094 443 3160 trium
480 3096 608 3177 quidem
639 3096 793 3161 librorum
827 3113 985 3160 consensu
1020 3095 1121 3160 omnis
1156 3084 1308 3176 adempta

59 3209 147 3274 ieret
168 3208 209 3273 de
232 3209 292 3274 hoc
315 3227 411 3273 versu
435 3208 603 3273 dubitatio.
634 3208 764 3274 Etenim
795 3208 922 3273 etiamsi
946 3205 1074 3273 codices
1099 3212 1158 3273 aut
1179 3205 1308 3288 ἐσχάρας

61 3323 295 3402 exhibuissent,
320 3322 404 3404 quod
426 3321 537 3405 lepore
569 3342 632 3387 non
655 3328 754 3403 caret,
789 3328 847 3388 aut
877 3325 906 3390 ἐς
928 3319 1032 3404 χάρας,
1063 3319 1148 3404 qnod
1182 3321 1308 3387 omnino
1430 3340 1432 3349 ·

63 3442 136 3503 erat
158 3437 353 3516 mutandum,
377 3442 484 3503 tamen
508 3436 649 3503 luissent
671 3436 781 3519 futuri,
806 3437 860 3518 qui
883 3435 967 3501 hune
983 3433 1209 3518 Aristophanis
1232 3426 1305 3499 ve'r·
1423 3457 1425 3461 ¹

62 3550 199 3615 siculum
222 3548 263 3614 ad
280 3539 451 3632 'Euripidis
475 3552 638 3633 exemplar
661 3551 833 3632 corrigere,
864 3568 961 3632 quarn
989 3549 1140 3631 turpium>
1165 3549 1306 3613 locorum

62 3679 233 3727 numerum
256 3679 377 3743 augere
400 3662 541 3742 mallent.
568 3662 652 3742 Quid
675 3663 770 3727 enim
783 3661 883 3744 magis
916 3666 969 3727 est
991 3661 1176 3747 verisimile,
1213 3680 1307 3744 quara

64 3793 106 3840 ne
130 3775 347 3840 Athenienses
371 3775 499 3858 quidem
522 3781 724 3858 spectatores
759 3781 930 3858 tantopere
963 3775 1114 3840 calluisse
1145 3774 1310 3857 Euripidis
1421 3825 1423 3828 >

18 3965 20 3968 χ
62 3890 199 3970 fabulas,
224 3897 260 3955 nt
283 3891 409 3973 singula
440 3891 538 3958 verba
561 3892 612 3956 vel
636 3891 855 3957 obscurissimi
878 3891 1032 3973 cuiusque
1056 3907 1169 3954 versus
1206 3894 1240 3953 et
1276 3888 1309 3954 in

65 4024 127 4086 qno
151 4006 247 4087 plane
270 4005 349 4069 nihil
384 4006 517 4087 inesset,
557 4007 641 4088 quod
679 4007 808 4088 dignum
843 4004 1008 4071 rideretur
1038 4005 1201 4084 memoria,
1240 4012 1307 4071 tarn

62 4117 147 4183 bene
171 4117 427 4198 recordarentur,
462 4124 499 4182 ut
521 4116 572 4184 vel
595 4119 690 4183 simili
715 4119 823 4201 aliquo
849 4118 1003 4186 vocabulo
1027 4117 1155 4200 ἐσχάρας
1178 4095 1310 4184 tritissi-

63 4248 188 4297 morum
203 4232 244 4296 iis
260 4232 424 4315 Euripidis
440 4234 609 4298 verborum
634 4237 662 4301 ἐς
685 4234 770 4314 χέρας
793 4234 827 4298 in
850 4239 991 4298 mentem
1016 4233 1167 4299 veniret?
1189 4231 1310 4312 Quodsi

64 4350 134 4410 toto
156 4345 285 4426 quidem
307 4346 377 4411 loeo
408 4352 442 4411 et
472 4365 531 4429 per
560 4346 744 4411 universam
778 4344 874 4412 hanc'
895 4347 1089 4413 comoediam
1120 4345 1307 4430 Euripidem

64 4458 224 4538 exagitari
247 4459 464 4524 Athenienses
488 4462 672 4540 senserunt,
695 4430 842 4526 uno-hoc
864 4459 1017 4525 vocabulo
1034 4458 1161 4541 ἐσχάρας
1176 4459 1304 4543 Euripi·

64 4571 116 4635 dis
140 4574 167 4639 ἐς
191 4572 277 4651 χέρας
301 4572 463 4653 designari
486 4593 548 4638 non
579 4580 763 4653 senserunt,
796 4574 972 4658 speciosior
1003 4578 1055 4638 est
1084 4590 1179 4656 quarn
1203 4575 1310 4641 verior

63 4682 234 4748 Fritzschii
259 4686 441 4751 emendatio
465 4691 499 4750 et
522 4692 637 4769 suapte
661 4693 777 4753 natura
799 4688 929 4753 corruit.
960 4687 1072 4770 Neque
1096 4707 1156 4770 ego
1179 4707 1251 4753 cnm
1275 4689 1309 4753 in
1403 4738 1409 4756 „

63 4799 125 4864 hoc
149 4817 219 4863 cum
242 4799 276 4862 E.
301 4799 337 4864 V.
362 4800 538 4867 Fritzschio
556 4807 720 4867 certamen
744 4803 909 4882 descendi,
935 4799 1034 4862 ἐλθάα
1056 4802 1135 4868 illud
1153 4807 1186 4867 et
1201 4821 1312 4867 nume-

64 4931 138 4977 rum
161 4911 319 4996 pluralem
343 4911 470 4994 ἐσχάρας
494 4913 570 4978 mihi
595 4917 792 5007 munimento
823 4915 893 5014 iore
924 4916 1062 5013 speravi.
1092 4916 1194 5009 Caute
1229 4916 1313 4982 enirn

64 5023 128 5093 hoc
165 5026 351 5110 providerat
385 5045 527 5092 summus
566 5027 630 5094 dux
667 5032 701 5093 et
737 5029 825 5095 iuter
862 5030 1019 5100 turmales
1045 5030 1312 5116 Aristophontem
