3248 5828
659 583 703 649 35

1025 758 1102 825 ἰδού.
1196 786 1198 796 ·

320 871 385 940 ἑνός
407 871 468 950 μὲν,
492 865 610 952 ὦνδρες,
634 871 842 935 ἀπολελύσθαι
863 898 915 952 por
938 877 1029 942 δοκῶ.

319 983 416 1054 οὐδεὶς
438 982 493 1063 γὰρ
516 981 552 1046 ἂν
575 989 648 1066 φαίη
671 1010 707 1064 με
729 985 875 1066 μάττοντ’
900 989 1020 1047 ἐσθίειν.

57 1099 180 1163 011111.
230 1098 273 1163 15.
316 1099 409 1178 αἰβοῖ·
432 1097 497 1177 φέρ’
522 1095 619 1178 ἄλλην,
642 1098 768 1183 χάτέραν
790 1124 851 1180 μοι,
875 1101 1011 1182 χατέραν,

313 1212 367 1272 καί
388 1210 466 1292 τρῖβ’
488 1209 539 1272 rid'
564 1213 673 1291 ἑτέρας.
991 1233 994 1239 ·
1299 1250 1302 1255 -

55 1329 120 1392 Οἰκ.
147 1329 182 1387 Β.
708 1324 750 1403 μα
773 1325 825 1386 τὸν
847 1324 983 1386 Ἀπόλλω
1007 1322 1056 1405 'pop
1079 1325 1132 1404 plo
1156 1322 1203 1388 οὔ·
1253 1373 1256 1377 -
1350 1352 1352 1357 ’

320 1438 354 1499 οὕ
378 1437 432 1519 γὰρ
454 1437 503 1499 ἔθ’
528 1433 593 1523 οἷός
615 1437 648 1497 τ’
672 1438 727 1518 εἶμ’
751 1439 900 1522 ὑπερέχειν
922 1443 977 1519 τῆς
999 1436 1124 1510 ἀντλίας.

34 1557 121 1618 eiu.
149 1553 188 1614 Α.
317 1549 409 1632 αὐτὴν
432 1548 480 1629 ἄρ’
506 1550 579 1612 οἴσω
603 1551 758 1633 συλλαβών
780 1550 832 1632 τὴν
855 1549 981 1614 ἀντλίαν.

57 1668 121 1729 Oia.
147 1669 184 1726 B.
316 1663 350 1746 νη
375 1663 429 1728 τόν
452 1665 505 1727 Δί’
530 1670 559 1735 ἐς
581 1665 712 1745 κόρακάς
734 1691 772 1746 γε,
797 1668 844 1727 καί
868 1667 992 1728 σεαυτόν
1015 1689 1047 1747 ys
1067 1664 1155 1746 πρός..

317 1779 399 1855 ὑμῶν
423 1779 459 1840 δέ
479 1777 502 1859 γ’
527 1777 556 1838 τί
572 1801 616 1848 τις
640 1777 697 1839 ole’
724 1783 790 1859 ἐμοὶ
813 1779 991 1861 κατειπάτω,

227 1893 278 1959 21,
317 1891 415 1953 πόθεν
437 1889 473 1954 (ἓν
495 1897 637 1973 πριαίμην
658 1897 738 1973 ῥίνατ
752 1893 792 1975 μὴ
815 1894 990 1974 τετρημένην
1013 1897 1072 1960 κτλ.

162 2009 211 2073 Ad
235 2026 328 2089 quem
352 2025 481 2072 versum
505 2005 544 2068 21
570 2006 881 2086 haecmirabundus
912 2008 1003 2089 leges
1037 2027 1056 2072 a
1080 2008 1117 2072 V:
1142 2009 1179 2075 D.
1203 2028 1302 2075 anno-

52 2128 140 2187 tata:
173 2122 430 2201 „animadvertas
461 2107 681 2187 verborum
715 2122 871 2185 lusum:
912 2127 1099 2200 τετριμμένης
1132 2143 1159 2187 v.
1194 2123 1233 2185 12
1268 2128 1302 2188 et

52 2213 239 2316 τετρημένην,
264 2253 302 2299 eo
324 2236 489 2312 maiorem,
514 2254 584 2299 cum
608 2229 748 2300 itacismi
771 2233 924 2300 defensor
948 2233 1045 2299 eris.“
1068 2235 1171 2315 Quem
1185 2236 1301 2322 lusum,

55 2367 251 2431 quamquam
274 2349 326 2413 vel
360 2349 443 2432 ipsa,
478 2366 560 2430 quae
595 2349 682 2415 inter
716 2349 778 2412 duo
812 2347 868 2413 illa
903 2348 1002 2413 verba
1024 2350 1217 2431 interposita
1240 2355 1300 2431 est,

53 2481 169 2527 novem
192 2480 343 2526 versuum
366 2461 468 2525 series
492 2461 636 2544 impedit,
661 2461 827 2543 quominus
852 2461 1005 2529 simillimi
1029 2463 1184 2546 cuiusque
1207 2473 1302 2529 voca-

53 2577 123 2641 buli
147 2576 329 2639 retineatur
350 2574 513 2654 memoria
550 2581 658 2639 tamen
681 2573 818 2639 forsitan
843 2575 1055 2646 condonarem
1078 2576 1242 2654 Richtero‚
1276 2577 1306 2642 si

51 2689 162 2770 aliquo
178 2689 270 2754 modo
286 2693 399 2754 tersus
423 2688 474 2750 21.
500 2689 541 2754 ad
567 2689 616 2752 13.
642 2688 779 2753 ridicule
795 2687 984 2753 referretur.
1009 2689 1074 2753 Sed
1090 2678 1159 2755 cum
1176 2691 1306 2772 quaerit

52 2807 246 2868 econsorte
271 2809 384 2866 servus
407 2802 501 2877 alter,
532 2802 693 2866 undenam
729 2820 842 2866 nasum
878 2808 964 2866 emat
998 2821 1061 2867 non
1093 2803 1302 2885 perforatum,

54 2917 170 2981 nimias
195 2916 328 2980 odorum
351 2917 457 2980 iocose
483 2916 629 2997 queritur
651 2914 829 2995 molestias,
866 2933 946 2996 quos
960 2937 967 2947 ·
982 2899 1064 2979 oilae
1102 2915 1179 2980 illae
1203 2918 1301 2981 toties

50 3032 191 3094 iteratae
207 3035 368 3111 spargant
391 3030 461 3094 Non
476 3029 575 3111 igitur
590 3029 690 3112 icone,
715 3030 768 3111 qui
794 3033 845 3095 est
868 3029 901 3093 in
924 3047 969 3095 ve.
995 3029 1047 3113 21,
1072 3049 1142 3094 cum
1165 3029 1302 3112 putidis-

51 3145 133 3208 simo
156 3144 210 3207 illo
225 3161 271 3207 vs
290 3143 338 3206 12.
364 3143 524 3224 cohaeret,
550 3143 608 3207 sed
628 3132 794 3220 adedo,
819 3143 930 3226 ἑτέραν,
955 3141 1083 3226 χάτέραν
1098 3165 1149 3223 μοι
1165 3141 1301 3225 χάτέραν,

50 3254 206 3336 συλλαβών
238 3255 291 3336 τὴν
322 3254 440 3316 ἀντλίαν
469 3255 568 3320 multo
599 3257 701 3338 magis
732 3257 885 3339 pertinet.
934 3253 1050 3339 Illique
1079 3262 1116 3320 111
1139 3258 1299 3322 turundae

50 3372 172 3437 illiuse
197 3375 341 3437 stercore
359 3371 483 3436 asinino
508 3375 641 3452 paratae
663 3377 737 3453 post
756 3388 885 3437 versum
904 3376 1054 3454 quartum
1073 3389 1137 3439 non
1161 3370 1300 3453 amplius

51 3485 264 3565 meminimus
289 3485 337 3549 ita
360 3484 458 3548 etiam
482 3501 642 3574 versuum
660 3477 718 3553 121,
734 3490 768 3549 et
794 3484 842 3548 13.
866 3483 1010 3567 proximo
1034 3485 1100 3566 illo,
1115 3487 1182 3568 'qui
1203 3503 1303 3550 versu

55 3600 94 3661 14
118 3599 314 3677 continetur,
337 3599 406 3662 ioco
431 3596 548 3660 excidit
572 3597 738 3667 memoria

157 3712 206 3777 Ad
243 3713 413 3806 mundiora
434 3711 564 3776 tandem
592 3711 819 3776 deveniamus!
856 3711 939 3776 Sunt
962 3712 994 3776 in
1020 3704 1114 3778 Pacis
1136 3711 1302 3780 comoedia

10 3808 13 3871 ί
51 3847 168 3893 senum
192 3843 307 3891 versus
332 3822 395 3889 335
419 3831 454 3890 et
476 3824 558 3890 336:
752 3817 754 3820 ’

10 3942 13 3952 ’
214 3934 327 4020 ἥδομαι
350 3936 405 4020 γὰρ
428 3941 479 3999 καὶ
500 3939 616 4020 γέγηθα
637 3940 685 3999 καί
708 3941 847 4019 νιεαορδα
870 3941 920 4000 καί
942 3941 1013 4020 γελῶ

10 4059 14 4102 l
214 4055 325 4131 μᾶλλον
347 4049 367 4134 ἢ
389 4049 423 4113 τὸ
446 4056 535 4133 γῆρας
557 4049 643 4122 ἐκδὺς
666 4044 795 4132 ἐκηνγών
816 4051 871 4132 τήν
892 4050 1018 4126 ἀσπίδα,
1118 4076 1120 4081 ·
1227 4091 1232 4102 ·

10 4171 15 4219 l
51 4187 146 4250 quem
170 4186 297 4232 versum
321 4166 383 4232 iam
406 4166 540 4232 Florens
565 4159 766 4232 Christianus
789 4167 838 4232 sic
859 4174 911 4233 est
943 4168 1199 4249 interpretatus:
1235 4168 1299 4248 „ut

10 4274 17 4332 l
50 4285 133 4349 haec
146 4273 327 4346 ¹translatio
363 4287 457 4347 esta
491 4281 709 4363 serpentibus,
746 4283 799 4363 qni
834 4283 967 4349 senium
995 4286 1126 4364 ponant.
1162 4272 1299 4346 Videtur
1351 4317 1356 4323 ·

49 4403 160 4462 autem
184 4396 311 4460 senium
335 4416 392 4478 pro
416 4395 501 4460 bello
525 4397 657 4479 dixisse,
682 4395 757 4478 qnia
788 4395 867 4460 nihil
891 4414 995 4478 aeque
1028 4395 1119 4479 pacis
1152 4401 1298 4460 amantes

48 4510 190 4576 colonos·
203 4510 377 4575 contristat
397 4516 431 4574 et
453 4501 654 4574 marcescere
678 4507 757 4573 facit
779 4513 877 4590 atque
900 4508 1028 4573 bellum.
1063 4508 1297 4591 Unde-postea

46 4626 112 4690 ait:
136 4620 254 4685 ἁπαλόν
276 4622 300 4704 η’
325 4619 361 4685 ίίν
384 4622 414 4703 μ’
440 4621 514 4694 ἴδοις
536 4625 585 4684 καὶ
608 4620 683 4684 nott
704 4620 866 4701 recitapoo':
894 4623 1038 4704 loquitur
1069 4623 1154 4688 enim
1178 4622 1295 4688 thorus

45 4756 187 4819 senum;1
203 4744 238 4802 at
260 4756 332 4803 cnm
354 4738 403 4803 ait
426 4735 556 4816 ἐκφυγών
578 4733 630 4816 την
654 4734 770 4797 ἀτμίδα
791 4736 966 4819 dupliciter
989 4736 1105 4802 alludit
1127 4738 1160 4802 in
1183 4737 1293 4803 homo·

45 4853 157 4938 nymia
179 4849 308 4920 donicae
332 4858 366 4916 et
388 4852 429 4916 ad
453 4855 638 4933 serpentem
662 4856 696 4916 et
718 4850 951 4932 ad·clipeum.“
975 4850 1060 4916 Male
1076 4848 1294 4933 illoqnideml

40 4970 97 5042 'En
120 4967 177 5038 hic'
189 4971 241 5030 est
256 4964 425 5038 verborum
441 4966 548 5039 lusus:
571 4964 662 5053 γέρων
685 4962 725 5024 ὢν
741 4966 858 5051 μᾶλλον
880 4959 917 5026 ὀὲν
939 4963 1077 5044 ἡδοίμητ·
1089 4963 1220 5057 ἕνφτηών
1240 4962 1295 5052 την

1088 5067 1137 5142 3*
