3172 5820
519 500 523 509 ’
645 551 800 652 A

102 723 145 788 82
167 724 288 785 κάνθων
310 722 502 807 (κάνθαρος),
528 725 590 790 123
613 725 754 788 κόνδυλον
778 725 959 814 (κάνδυλον),
993 729 1058 794 415
1080 730 1278 810 όρματωλίας,
1300 737 1340 800 sic

102 840 187 904 enim
221 858 293 904 cum
310 839 401 904 Rau.
440 844 474 904 et
502 839 599 906 schol.
630 841 655 906 Ι.
679 840 799 922 Belin,
835 849 869 908 et
890 843 914 906 1.
939 844 1110 910 Richterus
1135 843 1341 928 (ἁμαρτωλίας,

102 955 148 1020 sic
170 959 244 1036 post
257 954 441 1020 Bentleium
457 954 651 1034 Dindorfius,
674 955 858 1039 Bergkius)‚
881 956 946 1021 440
968 952 1125 1036 άιοροκας
1142 957 1341 1045 (ἀνθρώπους,

101 1072 243 1137 ceterum
260 1067 333 1132 vide
356 1068 453 1134 schol.
477 1074 511 1133 et
528 1060 579 1134 ll.
597 1069 669 1134 Chr.
694 1071 800 1153 nott),
823 1069 887 1134 643
910 1071 1050 1151 διαβάλοι
1072 1055 1261 1157 (προβάλοι),
1284 1074 1342 1138 908

101 1183 254 1261 ἐκεχειρίαν
291 1179 373 1262 (ἔχω,
406 1179 501 1267 χείρ),
545 1183 626 1248 1176
649 1182 846 1263 Κυζικηνικόν
869 1183 992 1271 (χέζω),
1039 1187 1103 1251 Av.
1142 1186 1181 1251 13
1217 1186 1271 1248 οόκ
1292 1166 1344 1250 τόν
1397 1258 1402 1270 ⁸

100 1291 208 1370 ὀρνέων
232 1292 390 1370 (Ὀρνεῶν),
428 1296 489 1360 199
514 1301 543 1357 ἐν
565 1294 690 1374 Ὀρνεαῖς
714 1293 832 1383 (ὄρνις),
866 1298 930 1362 489
954 1294 1082 1376 ὄρθριον
1105 1295 1249 1385 (ὄρθιον),
1286 1301 1343 1366 768

99 1411 297 1484 ἐκπερδικίσαι
322 1412 528 1491 (Περδίκκας),
565 1412 649 1482 1694
672 1414 702 1472 ἐν
726 1415 856 1473 Φαναῖσι
879 1411 1000 1493 (φαίνω,
1023 1415 1226 1500 συκοφαντῶ),
1265 1416 1343 1480 1699

100 1519 262 1592 συκόζουσι
286 1521 512 1608 (συκοφάντης),
534 1525 621 1609 Lys.
644 1544 708 1590 VSS.
733 1525 796 1588 838
821 1527 973 1606 Κινησίας,
1002 1525 1068 1591 850
1091 1531 1251 1608 Μυρρίνην,
1284 1529 1343 1593 852

99 1639 266 1715 Παιονίδης
297 1639 452 1717 Κινησίας,
488 1639 552 1702 869
584 1637 691 1700 ἔστυκα
721 1636 915 1719 (δστόηηκα),
951 1640 1012 1703 991
1046 1639 1175 1702 σκύταλα
1198 1643 1344 1723 (σκότος),
1384 1686 1386 1693 ,

104 1748 189 1812 1184
211 1752 241 1808 όν
263 1756 344 1810 ταῖσι
366 1731 480 1819 κίσταις
504 1748 622 1826 (κτίσεις,
640 1753 686 1818 Fl.
703 1753 806 1827 Chr),
829 1753 987 1820 Thesm.
1003 1773 1066 1820 vss.
1084 1755 1148 1820 204
1169 1758 1345 1832 νυκτερείσια

98 1859 310 1947 (νυκτιρήσια),
333 1861 397 1926 935
418 1860 614 1944 ἱστιορράφος
636 1862 881 1949 (μηχανορράφος
903 1868 1016 1949 explic.
1039 1868 1222 1949 Berglerus,
1255 1869 1345 1934 aliter

98 1975 134 2040 R
156 1976 195 2041 V.
216 1975 438 2062 Fritzschius)‚
462 1979 555 2044 Rau.
575 1997 643 2044 uss.
667 1978 710 2044 85
733 1977 873 2056 μακάρων
896 1978 1117 2066 (Μακεδόνων),
1151 1981 1209 2046 187
1235 1985 1344 2062 Κερβε-

100 2091 182 2164 ρίους
205 2087 425 2175 (Κιμμερίους),
469 2090 724 2172 latinizantes
748 2091 947 2175 (Ιπποτίκου),
992 2094 1057 2157 439
1087 2091 1160 2162 Διὸς
1189 2091 1345 2172 Κόρινθος

12 2290 17 2302 ¹
104 2199 239 2288 (κόρεις),
262 2204 367 2269 Eccl.
390 2223 452 2270 vss.
477 2202 760 2287 916.Ὸρθαρόραν,
782 2207 849 2272 920
869 2205 1001 2287 λάμβδα.

139 2383 142 2389 ,
201 2317 310 2398 Atque
330 2317 364 2382 hi
386 2316 477 2383 lusus
499 2337 611 2385 omncs
633 2322 716 2386 tales
750 2327 835 2401 sunt,
872 2327 910 2387 ut
942 2328 1081 2404 utraque
1116 2341 1186 2402 vox,
1224 2326 1260 2387 et
1297 2339 1342 2402 ea,

105 2449 187 2512 quae
209 2431 339 2512 legitur,
364 2435 398 2496 et
423 2432 535 2512 altera,
559 2451 653 2514 quarn
676 2439 785 2499 mente
808 2434 1015 2502 informamus
1043 2435 1174 2501 auditae
1197 2434 1342 2515 similem,

104 2544 147 2608 ad
169 2543 295 2626 reliqua
317 2544 464 2609 eiusdem
486 2552 600 2611 versus
623 2547 721 2612 verba
744 2547 827 2613 bene
851 2550 996 2630 quadret
1021 2549 1169 2641 Optimae
1192 2548 1293 2629 igitur
1313 2548 1343 2612 bi

94 2662 178 2722 sunt
200 2658 292 2722 lusus
316 2663 421 2724 uotae.
445 2659 579 2739 Addam,
604 2679 683 2742 quos
706 2660 814 2743 aliqua
838 2680 877 2728 ex
908 2667 1001 2745 parte
1033 2663 1123 2727 dicas
1154 2663 1343 2727 arcessitos:

100 2773 264 2838 acnvs.
291 2771 350 2835 158
374 2770 590 2850 ἀποτεθρίακεν
616 2773 743 2859 (Θρόξ),
779 2776 874 2841 Nub.
897 2795 943 2840 vs.
979 2774 1044 2838 373
1078 2775 1174 2851 οὐρεῖν
1197 2770 1349 2860 (Θόριος),

101 2889 156 2971 qui
179 2888 229 2953 ita>
248 2888 411 2968 languent,
436 2891 481 2966 ut,
505 2888 634 2954 etiamsi
657 2890 763 2970 possis
787 2907 827 2954 ea
845 2890 993 2971 cogitare
1017 2894 1051 2954 et
1067 2907 1102 2954 re
1118 2907 1196 2953 vera
1212 2889 1343 2970 cogites

68 2990 71 2995 ’
101 3019 183 3083 qnae
207 2995 297 3064 uncis
319 3000 445 3078 inclusi,
469 3006 663 3087 tamennon
687 3002 879 3084 cogitavisse
902 3003 1004 3068 malis.
1029 3002 1111 3067 Sunt
1134 3003 1233 3066 etiam
1251 3002 1344 3084 plane

100 3115 227 3180 diversa
248 3114 289 3177 ab
312 3113 362 3177 bis
384 3113 547 3193 vocabula,
572 3133 705 3196 quorum
728 3135 823 3180 verus
839 3134 962 3213 sensns
988 3121 1061 3180 tam,
1076 3135 1188 3198 parum
1204 3116 1340 3197 placeat,

106 3233 227 3293 utnon
249 3226 365 3308 passio,
389 3226 464 3307 quin
488 3227 654 3294 immutato
685 3229 916 3310 quodammodo
947 3249 1044 3295 sensu
1075 3229 1226 3311 accipias,
1255 3227 1345 3293 velut

101 3339 135 3405 in
169 3338 265 3403 Ach.
305 3356 349 3403 vs,
387 3338 452 3402 234
488 3337 661 3418 Βαλληνάδο
699 3339 854 3425 (βάλλειν),
877 3344 910 3407 iu
947 3343 1044 3425 Equ.
1065 3360 1145 3407 sss.
1171 3341 1234 3404 899
1272 3337 1344 3420 ἀνὴρ

73 3503 75 3506 ι
104 3449 255 3528 Κόπρειος
278 3448 424 3533 (κόπρος),
450 3452 530 3516 1391
559 3456 887 3528 κατατριακοντουτίσαι
911 3453 1011 3541 (κατά,
1034 3457 1105 3531 τρίς,
1128 3429 1289 3536 ἀκόντων),
1311 3455 1343 3518 in

102 3565 221 3648 Vesp.
244 3583 290 3630 vs.
313 3565 376 3631 438
401 3568 584 3645 Δρακοντίδη
609 3568 856 3655 (δρακοντοειδίι)
879 3569 913 3632 in
935 3568 996 3633 Av.
1020 3586 1066 3633 vs
1090 3569 1155 3632 476
1170 3570 1344 3646 Κεφαλῆσιν

101 3677 146 3763 (ἐν
175 3680 337 3762 κεφαλαῖς),
365 3679 458 3743 1569
479 3682 672 3749 Λαισποδίας
696 3681 747 3762 (ια
766 3681 790 3744 1.
823 3680 925 3745 Beklc
958 3681 1032 3760 εδ),
1064 3699 1197 3762 quorum
1232 3697 1343 3746 nume·

100 3812 170 3858 rum
193 3795 259 3859 sint
280 3792 424 3868 forsitan,
449 3793 503 3875 qui
526 3813 566 3859 en
587 3795 627 3859 iis
650 3793 783 3873 lusibus,
808 3812 888 3877 quos
910 3813 1009 3876 supra
1024 3794 1226 3873 denotabam,
1249 3793 1340 3859 iube-

100 3912 157 3972 ant
181 3909 304 3990 augeri
980 3982 982 3986 .

121 4005 123 4009 ⁸
202 4020 382 4103 Descriptis
405 4019 546 4087 fideliter
568 4019 619 4086 his
641 3998 864 4102 Aristophanis
890 4004 1053 4099 versibus,
1086 4019 1201 4102 quibus
1234 4019 1343 4102 singu«

98 4134 150 4201 lae
173 4153 268 4200 voces
291 4135 458 4216 ambiguae
482 4135 695 4213 continentur,
719 4134 760 4199 ad
783 4134 918 4199 alterius
940 4133 1067 4214 generis
1093 4133 1182 4203 lusus
1198 4133 1343 4198 indican-

100 4248 157 4313 dos
180 4264 232 4314 mc
253 4251 450 4325 *convertam
487 4248 707 4330 canevarios,
739 4247 942 4330 compositos,
976 4245 1171 4328 multiplices
1200 4247 1343 4329 appella-

99 4361 181 4426 bam.
204 4361 317 4442 Neque
341 4357 473 4425 hercule
496 4359 633 4424 iniurial
657 4360 738 4425 Nam
762 4360 891 4425 etiamsi
907 4359 1023 4426 ‘collati
1047 4379 1117 4425 cum
1146 4361 1344 4442 simplicibus

98 4475 163 4539 illis
194 4479 266 4539 arte
297 4477 525 4554 agnoscuntur,
562 4492 625 4554 qua
658 4471 796 4538 confecti
831 4477 916 4548 sunt,
947 4474 994 4538 ita
1016 4478 1062 4554 ut,
1100 4475 1128 4539 si
1161 4474 1344 4539 intercedat

99 4576 287 4655 uocabulum
310 4587 503 4669 ambiguum,
538 4586 639 4651 idad
667 4587 803 4652 alterum
837 4587 1020 4653 necessario
1056 4585 1226 4667 referatur,
1258 4587 1343 4669 quod

100 4703 196 4768 etiam
219 4702 324 4784 possit
351 4707 408 4766 aut
430 4701 613 4782 ambiguum
636 4706 693 4766 aut
716 4701 822 4765 simile
846 4719 930 4780 esse,
953 4704 1019 4779 aut,
1050 4699 1079 4764 si
1102 4698 1134 4763 id
1156 4699 1343 4781 requiratur

98 4797 229 4895 frustra,
259 4834 322 4879 non
345 4833 408 4879 una
429 4833 499 4893 vox,
519 4814 578 4879 secl
605 4820 675 4881 tota
705 4798 868 4880 sententia
891 4814 1006 4879 similis
1044 4812 1191 4878 videatur
1225 4812 1341 4895 audiri,

99 4930 209 4999 multis
237 4928 340 4992 modis
364 4933 471 4993 tamen
494 4929 579 4992 inter
603 4947 640 4992 se
664 4926 828 4992 differunt.
