3172 5820
871 618 915 686 30

817 714 969 723 -——--..

279 791 369 859 lusus
392 792 554 875 simplices
578 795 724 878 ascripsi.
749 797 893 880 Namque
919 817 958 863 ea
988 798 1022 862 in
1046 798 1272 863 enumerandis
1294 797 1523 880 Aristophanis

273 907 442 972 verborum
464 907 587 992 lusibus
612 911 737 976 ratione
761 912 885 991 utebar,
910 918 955 992 ut,
980 911 1033 993 qui
1057 912 1119 977 ioci
1141 911 1249 994 aliqua
1272 929 1309 979 cx
1333 917 1428 994 parte
1445 929 1521 976 ver-

275 1019 386 1086 borum
410 1017 499 1087 lusus
522 1023 709 1088 viderentur
732 1025 795 1089 dici
817 1044 923 1108 posse,
947 1044 1003 1091 eos
1027 1043 1136 1089 omnes
1158 1026 1245 1089 inter
1267 1026 1356 1090 lusus
1380 1025 1523 1105 benigne

272 1133 458 1216 reciperem.
489 1135 620 1218 Largior
644 1139 729 1203 enim
753 1144 787 1205 at
810 1140 968 1221 copiosior
1006 1138 1056 1203 his
1081 1139 1113 1231 in
1136 1140 1244 1219 rebus,
1269 1158 1363 1221 quarn
1387 1136 1521 1202 tenuior

274 1252 307 1312 et
329 1248 492 1317 astrictior
514 1250 615 1315 videri
638 1252 804 1317 malebam.
828 1252 934 1326 Nihilo
957 1270 1033 1318 vero
1057 1252 1162 1317 secius
1179 1252 1313 1331 multas,
1339 1259 1375 1316 ut
1398 1250 1522 1317 identi-

273 1361 345 1427 dem
369 1362 514 1428 dicebam
536 1383 600 1429 non
623 1366 859 1447 temerc5l1aec
886 1366 1013 1433 lusuum
1037 1366 1220 1448 disquisitio
1237 1367 1401 1432 cautiones
1417 1365 1523 1429 habe-

271 1475 336 1542 bat
362 1476 444 1556 Quid
467 1479 553 1560 quod
575 1481 853 1545 annominationes
876 1486 944 1545 tum
967 1485 1042 1546 sunt
1064 1480 1150 1546 inter
1184 1467 1274 1544 lusu's
1309 1477 1517 1558 referendae,

271 1595 344 1654 tum·
361 1608 424 1664 non
446 1591 546 1656 aunt?
570 1593 870 1659 Annorninationem
894 1573 978 1658 enim
1003 1593 1146 1679 dicimus,
1171 1612 1241 1656 curn
1265 1592 1374 1674 pluras
1398 1593 1520 1657 literae

270 1702 322 1767 vel
345 1702 485 1786 syllabae
510 1705 645 1769 cundem
669 1725 781 1771 sonum
804 1707 952 1772 reddunt.
987 1708 1077 1786 Quod
1102 1707 1127 1770 si
1152 1705 1188 1770 lit
1210 1705 1243 1769 in
1265 1706 1372 1770 verbis
1404 1704 1522 1769 relatis

273 1817 441 1897 contrarie,
465 1816 487 1903 ¹)
513 1819 680 1884 verborum
704 1807 846 1902 gignitur
868 1820 967 1900 lusus
992 1825 1028 1884 ut
1050 1820 1082 1883 11
1110 1820 1185 1885 Aah.
1211 1836 1275 1906 vss.
1305 1818 1523 1881 1122-1123

242 1960 246 1966 ,
270 1932 453 2011 κιλλίβαντας
477 1971 516 1978 -
540 1935 725 2013 κριβανι1ας;
748 1935 776 1998 si
801 1940 912 1999 carent
934 1934 1033 1999 rerba
1057 1934 1133 2004 sale¹
1160 1933 1331 1999 dummodo
1348 1933 1413 1996 sint
1429 1932 1522 1996 sirni-

270 2044 328 2124 lia,
351 2045 474 2110 laudari
497 2052 605 2112 111111
627 2051 737 2127 potest
759 2048 984 2113 annominatio.
1022 2047 1123 2126 Quam
1158 2046 1212 2112 ob'
1228 2064 1307 2125 rem,
1348 2064 1418 2110 cum
1455 2065 1522 2110 non

176 2143 177 2148 ί
271 2176 343 2223 111ο
366 2164 477 2240 utatur
500 2159 732 2242 Aristophanes
756 2159 804 2224 his
830 2159 1020 2224 elocutionis
1044 2159 1251 2238 ornamentis,
1275 2159 1389 2224 addam
1413 2161 1517 2224 etiarn
1561 2196 1562 2207 ι

272 2290 311 2335 ex
325 2271 393 2336 ,hoc
416 2271 587 2352 figurarum
611 2290 731 2352 genere
754 2271 915 2352 nonnulla,
953 2291 994 2337 na
1018 2273 1090 2353 quis
1124 2273 1250 2338 lusuurn
1282 2273 1425 2354 copiam'
1442 2273 1520 2337 hinc

273 2384 381 2465 augeri
398 2387 543 2466 potuisse
561 2387 750 2466 contendat3
774 2385 812 2451 cf.
836 2388 937 2467 igitur
952 2388 984 2451 in
1001 2387 1079 2451 Aah.
1103 2405 1165 2451 vss
1191 2387 1253 2449 222
1269 2388 1405 2465 γέροντος
1421 2382 1520 2459 ὄντος,

228 2557 232 2569 ,
270 2498 334 2562 303
356 2496 460 2576 λόγους
482 2499 625 2579 λέγοντος,
649 2499 714 2561 6ῖὸ
736 2503 793 2558 τῶν
809 2496 910 2577 λόφων
933 2500 981 2558 καὶ
1004 2503 1061 2558 τῶν
1075 2496 1169 2578 λόγων
1193 2502 1241 2583 (el
1263 2520 1291 2565 v.
1320 2499 1426 2584 1074),
1452 2499 1518 2562 688

270 2609 456 2691 σπαράττων
477 2614 526 2676 καὶ
557 2610 719 2690 ταράττων,
751 2613 783 2677 in
809 2613 902 2694 Equ
926 2630 988 2678 VSS.
1023 2612 1086 2676 213
1110 2607 1184 2687 άπερ
1208 2619 1300 2680 ποιεῖςΙ
1323 2620 1417 2687 ποιεῖ,
1453 2613 1518 2676 287

269 2723 528 2805 κατακεκράξομαί
555 2747 589 2786 σε
617 2723 748 2807 κράζων,
780 2725 843 2790 487
875 2723 983 2806 κράγον
1016 2721 1201 2803 κεκράξεται,
1236 2727 1269 2790 in
1300 2727 1402 2793 Nub.
1426 2749 1472 2792 vs.
1498 2727 1519 2788 6

268 2836 393 2900 ἀπόλοιο
417 2838 664 2917 νιόλεμετιολλῶν
688 2834 801 2912 οὕνεκα,
831 2839 864 2904 in
889 2840 1006 2921 Vesp.
1037 2857 1100 2904 VSS.
1126 2816 1188 2903 218
1220 2840 1354 2918 γέροντος
1378 2836 1516 2923 (luteast)

267 2952 332 3016 466
354 2950 437 3028 τόνῳ
460 2954 583 3033 πονηρέ,
615 2953 679 3015 560
702 2949 792 3032 ὀργήν
815 2950 1031 3035 άντομορχθείς,
1056 2952 1118 3016 759
1142 2950 1302 3012 κλέπτοντα
1328 2953 1459 3026 Κλέωνα,
1483 2954 1518 3018 in

270 3066 392 3131 Pacis
422 3086 469 3131 VS.
506 3065 571 3129 900
601 3068 683 3144 κέλης
721 3065 1072 3155 κίλητανταρακιλητιεῖ,
1106 3066 1139 3129 in
1167 3065 1229 3130 Av.
1262 3084 1306 3130 vs.
1345 3065 1424 3128 1379
1461 3065 1519 3127 άνά

270 3176 373 3269 κύκλον
397 3183 517 3260 κυκλεῖς,
541 3185 573 3244 in
596 3181 687 3245 Rall.
711 3198 773 3244 VSS.
795 3180 972 3243 ⁸392—-393
995 3184 1144 3240 παίσαντα
1175 3180 1222 3238 καὶ
1254 3177 1417 3260 σκώψαντα
1439 3179 1517 3258 νική-

271 3315 380 3374 σαντα,
419 3294 483 3357 463
506 3291 540 3354 τὸ
566 3298 663 3376 σχῆμα
686 3296 734 3354 καί
756 3280 791 3353 τὸ
815 3292 883 3373 λῆμ’
908 3292 997 3375 ἔχων,
1038 3293 1282 3357 labarbaram
1306 3297 1412 3373 βινεῖν,
1451 3295 1518 3357 815

270 3405 417 3487 θήγοντος
441 3405 571 3488 ὀδόντα,
615 3406 827 3472 1001—1002
860 3403 938 3479 ἄξεις
968 3409 1016 3467 καὶ
1040 3406 1196 3487 φυλάξεις,
1235 3409 1267 3471 in
1291 3408 1445 3473 Thestii.
1469 3427 1517 3473 VS.

271 3520 332 3584 793
356 3523 461 3599 μανίας
482 3523 635 3599 μαίνεσθε,
659 3521 691 3585 in
718 3524 802 3604 hys.
835 3520 971 3590 111350
1004 3519 1087 3596 τόνῳ
1110 3523 1250 3599 πονηροί,
1287 3540 1368 3603 quae
1393 3521 1518 3604 siquis

269 3634 454 3700 discernere
488 3640 522 3699 et
551 3634 686 3700 divorsis
714 3635 811 3700 etiarn
835 3635 1015 3699 nominibus
1049 3633 1212 3717 appellare
1247 3635 1333 3715 velit,
1369 3635 1409 3699 ad
1432 3635 1518 3698 Her-

268 3729 452 3831 mogenem,
491 3748 736 3829 Quintilianum,
772 3750 823 3815 vel
861 3749 911 3842 ad¹
936 3749 1041 3830 ipsum
1076 3747 1261 3812 Ciceronem
1301 3746 1471 3828 confugiat.
1488 3749 1516 3833 3)

293 4013 297 4021 .
372 3968 395 4034 ¹)
414 3983 483 4036 quaa
502 3967 597 4023 Graeci
618 3963 753 4018 davidem
771 3965 919 4030 nominant,
938 3980 998 4017 cum
1017 3963 1159 4017 contrariis
1178 3966 1351 4033 opponuntur
1369 3968 1517 4021 contraria.

274 4054 330 4108 Oia.
349 4071 386 4109 or.
401 4056 488 4125 .50.„,

382 4144 403 4210 ²)
424 4142 456 4196 of.
476 4141 605 4196 Meinakii
625 4141 688 4194 Gom
716 4139 763 4194 111.
783 4155 808 4210 p.
829 4139 880 4191 618
899 4137 976 4205 „Non
996 4140 1053 4192 sine
1066 4139 1168 4192 comico
1181 4141 1296 4208 quodam
1309 4139 1400 4211 lepore
1420 4143 1518 4196 eadem

270 4229 409 4302 parachesi
429 4244 492 4283 usus
513 4231 553 4282 est
572 4226 766 4297 Aristophanes
791 4229 858 4280 elc.“

378 4319 401 4385 ³)
434 4316 468 4370 cf.
500 4331 567 4385 quae
598 4315 760 4389 Hel'm0g3
790 4315 818 4366 in
843 4313 881 4366 lib
900 4312 946 4366 IV.
978 4315 1040 4382 περὶ
1080 4310 1203 4382 εὑρὲοεοιν
1238 4315 1305 4368 dicit
1335 4317 1397 4386 περὶ
1427 4335 1519 4387 παρη-

269 4405 379 4474 χῇσεως·
428 4405 585 4474 παρὴχηοις
616 4405 645 4452 δέ
676 4404 732 4452 ἐστι
763 4400 859 4454 κάλλος
894 4397 995 4459 ὁμοίων
1026 4397 1172 4460 ὀνομάτων
1209 4403 1235 4452 ἐν
1266 4403 1390 4473 διαφόρῳ
1421 4404 1520 4467 γνώσει

267 4489 372 4546 ταύτὸν
405 4489 552 4560 ἠχούντων·
590 4484 648 4542 οἷον
680 4485 748 4540 ὅταν
779 4488 831 4539 δύο
866 4484 878 4554 ἢ
910 4493 983 4556 τρεῖς
1015 4484 1031 4555 ἢ
1063 4489 1197 4562 τέοιιαροις
1229 4490 1310 4544 λέξεις
1343 4487 1355 4555 ίρ
1388 4486 1518 4550 ὀνόματα

267 4581 328 4652 εἴπῃ
346 4598 397 4645 τις,
434 4575 518 4640 ὅμοια
537 4580 585 4638 μὲν
606 4575 741 4644 ἠχοῦντα,
762 4574 898 4646 διάφορον
926 4569 956 4626 δὲ
976 4573 1025 4643 τὴν
1045 4576 1158 4644 δήλωσιν
1187 4581 1289 4637 ἔχοντα
1316 4574 1349 4631 οἷς
1376 4577 1456 4648 παρά
1476 4578 1521 4648 τρῖ

268 4669 433 4738 Ξενοφῶντι,
451 4667 543 4718 πείθει
557 4662 745 4719 1111111θί11.
764 4663 1044 4732 ldemforenquila
1064 4664 1233 4719 Romanus
1246 4666 1314 4718 dicit
1328 4668 1354 4719 in
1373 4667 1450 4732 libro,
1471 4671 1521 4737 qui

268 4757 300 4810 dc
318 4755 417 4824 figuris·
441 4755 632 4809 sententiarum
652 4756 676 4806 et
696 4752 854 4807 elocutionis
874 4751 1039 4818 inscribitur,
1071 4753 1119 4806 sub
1138 4768 1201 4805 voce
1221 4753 1398 4822 παρωνυμίαι
1431 4753 1520 4819 „levis

267 4824 425 4900 immutatio.
466 4841 542 4895 Haec
568 4841 657 4908 figura
687 4839 724 4892 ita
755 4841 830 4892 ornat
858 4839 1020 4905 orationem,
1052 4843 1079 4892 ul
1108 4840 1136 4892 in
1161 4840 1267 4893 nomine
1293 4843 1339 4893 aut
1368 4841 1396 4896 11
1427 4842 1520 4909 verbo,

267 4931 401 4983 interdum
432 4927 549 4996 syllaba,
586 4942 776 4994 nonnunquam
811 4925 892 4978 litera
929 4925 1070 5000 immutata
1101 4927 1208 4978 diversa
1233 4927 1378 4993 significet.
1426 4927 1463 4981 Ut
1494 4931 1519 4983 si

267 5016 335 5072 velis
348 5016 394 5070 aio
414 5017 574 5072 enuntiaret
598 5015 711 5071 Praetor
728 5014 784 5083 ilie,
803 5013 845 5069 rel
871 5014 962 5084 potius
987 5015 1086 5083 praedo
1112 5015 1273 5069 sociorum.“
1301 5013 1377 5069 Idem
1386 5013 1516 5104 3Puo1.
