3172 5820
840 1331 910 1396 „Sed
925 1347 984 1384 eum
1001 1333 1081 1403 plura
1100 1333 1155 1386 sini
1173 1333 1293 1402 ambigui
1306 1349 1414 1402 genera,
1434 1336 1467 1388 de

859 1419 957 1486 quibus
983 1423 1022 1473 est
1046 1420 1170 1474 doctrina
1188 1421 1309 1489 quadam
1333 1420 1468 1484 subtilior,

861 1508 997 1561 attendere
1018 1510 1044 1561 et
1063 1509 1194 1578 aucupari
1213 1509 1294 1562 verba
1307 1509 1464 1578 oportebit-‘⁴

1083 1602 1207 1657 Cicero
1227 1606 1259 1658 de
1279 1621 1315 1658 or.
1334 1604 1367 1659 ll.
1386 1607 1429 1661 63.

825 1880 849 1944 Ι.

270 2264 272 2269 Ι
321 2109 372 2244 St
396 2177 467 2259 quis
489 2195 606 2256 graeca
628 2177 661 2240 in
685 2175 933 2257 Aristophanem
956 2175 1077 2240 scholia
1101 2177 1272 2256 evolverit,
1296 2178 1461 2260 pleraque,

162 2342 165 2347 .
208 2306 296 2369 quae
321 2290 353 2354 in
372 2290 448 2355 ¹eius
473 2289 645 2355 comoediis
668 2289 766 2353 risum
797 2289 888 2353 nobis
912 2293 1059 2368 movent,
1092 2289 1281 2355 scholiastes
1312 2291 1362 2356 his
1393 2290 1461 2357 fere

151 2427 153 2431 ’
209 2402 321 2466 verbis
345 2422 420 2468 usos
444 2403 565 2468 videbit
589 2403 817 2484 explicavisse:
842 2401 952 2477 παίζει,
976 2406 1115 2483 παρῳδίρι
1137 2408 1251 2486 χρῆται,
1283 2402 1462 2484 dispersisti
1521 2446 1524 2451 ,

207 2519 265 2576 τοῦ
290 2565 297 2578 .
323 2565 328 2579 .
354 2561 373 2588 ,,
407 2514 512 2576 παιδιά
537 2519 606 2596 ἐστι,
638 2512 774 2589 σκώπτει,
808 2518 954 2597 κωμῳδεῖ,
987 2514 1057 2594 παρ’
1082 2514 1234 2590 ὑπόνοιαν,
1265 2515 1347 2596 παρά
1370 2541 1461 2597 προς-

208 2630 315 2688 δοκιάν
340 2633 429 2690 τοῦτο
438 2679 447 2713 ,
471 2627 532 2690 άπδ
556 2634 738 2708 μεταφοράς,
762 2631 874 2708 γελοίου
897 2626 990 2711 χάριν,
1021 2633 1213 2709 είδωλοποιεῖ,
1237 2623 1343 2711 ἥδιστα
1366 2633 1461 2693 διαλέ-

206 2765 297 2824 γεται,
327 2744 395 2802 δέον
418 2747 506 2803 εἰπεῖν
529 2792 536 2808 .
561 2740 596 2822 .,’
619 2746 864 2821 περιφραστικῶς,
897 2747 1061 2825 αἰνίττεται,
1093 2746 1275 2823 παρεποίησε
1305 2743 1338 2804 τδ
1364 2741 1461 2823 ὄνομα

207 2852 271 2914 άπὸ
297 2902 304 2922 .
329 2906 336 2920 .
361 2901 385 2929 .,
416 2853 583 2936 διαβάλλει,
614 2853 760 2936 χλευάζει,
792 2850 967 2934 ἀμφιβόλως
990 2857 1070 2938 λέγει,
1096 2854 1238 2938 διασύρει,
1263 2855 1459 2938 είιγημισμός,

208 2966 392 3050 σαρκασμάς,
417 2967 711 3049 άναγραμματισμός,
747 2965 880 3042 ἀστείως,
904 2970 1068 3050 χαριέντως,
1093 2967 1279 3052 άλαζονικῶς,
1305 2975 1459 3050 ᾳορτικώς,

208 3081 462 3165 άναμωκοίμενος,
495 3086 691 3162 παιγνιωδώς,
723 3082 950 3160 κεκαλυμμένας,
989 3080 1183 3161 κακεμιγάτως
1205 3085 1286 3164 λέγει,
1317 3082 1461 3165 διλημμά-

206 3219 277 3267 τους
299 3199 402 3277 τίθησι
425 3195 523 3271 λέξεις,
547 3203 707 3278 κατηγορεῖ,
739 3193 936 3269 καθάπτεται,
967 3194 1119 3276 γελοιάζει,
1153 3194 1236 3273 παρά
1259 3195 1459 3278 γράμμακω-

207 3313 312 3388 μῳδεῖ,
336 3309 554 3392 χαριεντίζεται,
576 3311 824 3389 περιεσταλμένως
847 3308 984 3391 βούλεται
1008 3311 1106 3390 λέγειν,
1129 3317 1191 3381 τοῖς
1214 3311 1316 3390 μέσοις
1347 3288 1458 3393 ῥήμασι
1539 3303 1549 3332 ‘⁴

206 3429 322 3506 χρῆται,
346 3429 385 3495 εἰς
407 3423 441 3485 τδ
466 3421 591 3505 αἰσχρὸν
618 3421 772 3504 ἀποτείνει,
804 3421 963 3505 ἐκακίζετο,
993 3421 1214 3504 ὀνοματοποιεῖ,
1244 3423 1457 3504 παρεγραμμά-

206 3560 279 3612 τισε,
311 3536 453 3612 ὀνειδίζει,
486 3535 664 3619 παρήχηται,
687 3534 833 3619 ἐχρήσατο
857 3535 939 3616 παρά
961 3534 995 3597 τὸ
1020 3586 1027 3602 .
1053 3581 1079 3610 .,
1114 3536 1152 3606 ως
1181 3534 1258 3615 πρὸς
1281 3584 1287 3598 .
1313 3584 1336 3612 .,
1371 3537 1411 3608 ὥς
1433 3543 1458 3600 εἰ

207 3650 307 3735 ἔλεγεν,
332 3651 372 3721 ὡς
395 3648 672 3731 συκοφαντούμενος
695 3697 701 3710 .
726 3697 732 3710 .
757 3697 785 3725 .,
820 3652 880 3711 ἐπεὶ
903 3649 1024 3730 ἔγκειται
1048 3701 1055 3716 .
1081 3700 1087 3715 .
1113 3696 1138 3725 .,
1163 3652 1295 3730 ἐπίτηδες
1317 3648 1458 3732 συνήγαγε

205 3765 260 3836 τάς
284 3763 338 3828 δύο
361 3765 461 3839 λέξεις,
492 3769 532 3834 εἰς
555 3760 677 3844 αὔξησιν
699 3768 750 3840 τῆς
773 3766 940 3843 κωμῳδίας,
965 3767 1090 3846 κομψῶς
1118 3767 1153 3845 τῇ
1178 3762 1344 3845 ἀμφιβολίᾳ
1359 3764 1456 3855 ιἐχρή-

206 3888 293 3954 σατο,
318 3877 372 3941 δύο
397 3882 506 3949 ἐννοίας
530 3877 595 3960 ἔχει,
618 3852 874 3959 dedicandam,
899 3881 1002 3948 διττῶς
1017 3879 1146 3958 νοητέον,
1170 3882 1210 3947 είς
1231 3876 1265 3938 τὸ
1281 3924 1287 3938 .
1304 3924 1323 3953 .,
1347 3883 1455 3961 τροπῇ,

204 3996 335 4073 εἰρωνείᾳ
357 3997 470 4073 χρῆται,
493 3998 705 4071 προςποιεῖται.

314 4107 403 4186 Quae
428 4106 518 4189 copia
541 4106 711 4171 verborum
734 4105 843 4170 inesse
865 4103 984 4186 aliquid
1008 4104 1136 4169 ridiculi
1158 4106 1192 4170 in
1214 4110 1330 4189 poetae
1353 4106 1454 4172 versi-

204 4220 266 4286 bus
291 4219 547 4302 significantium,
572 4238 762 4301 quamquam
792 4237 861 4283 rem
882 4217 1000 4282 leviter
1021 4218 1193 4299 attingenti
1216 4219 1343 4285 videtur
1366 4217 1454 4286 suffi-

206 4352 293 4414 cere,
325 4336 363 4400 ut
385 4334 437 4400 vel
466 4332 655 4399 facetissimi
685 4333 851 4415 scriptoris
882 4331 1017 4400 facetias
1049 4351 1158 4399 omnes
1188 4334 1230 4397 iis
1254 4333 1453 4415 denotemus

205 4452 332 4512 tantum
367 4451 473 4512 tamen
507 4447 617 4527 abest,
661 4452 697 4511 ut
730 4445 859 4529 propria
893 4445 1026 4528 singulis
1054 4445 1244 4512 facetiarum
1279 4446 1452 4528 generibus

203 4559 335 4625 nomina
365 4559 441 4625 dare
472 4559 641 4643 possimne,
675 4564 712 4623 ut
737 4564 838 4651 ¹potita
866 4559 1008 4642 undique
1039 4564 1073 4625 et
1104 4559 1137 4624 in
1169 4578 1278 4625 omnes
1311 4560 1400 4626 velut
1432 4580 1450 4626 e

205 4675 320 4755 copiae
345 4692 441 4738 cornu
466 4673 550 4738 sales
575 4692 649 4739 suos
682 4674 872 4756 dispergens
896 4678 930 4738 et
963 4674 1059 4738 rebus
1093 4674 1172 4756 ipsis
1208 4674 1393 4756 spectandis
1418 4680 1452 4740 et-
1507 4653 1510 4659 Α

201 4786 430 4852 vocabulorum
453 4787 503 4853 vel
527 4788 613 4853 sonis
637 4787 688 4852 vel
711 4787 882 4852 sententiis
897 4805 956 4870 per
964 4785 1193 4875 millenarum
1209 4786 1323 4853 ludens
1340 4786 1450 4854 irritos

199 4900 274 4969 fere
299 4919 408 4967 eorum
430 4901 558 4970 labores
582 4902 706 4984 redolet,
732 4901 786 4984 qui
809 4894 945 4985 gemmis
974 4892 1038 4965 illis
1068 4898 1101 4966 in
1130 4899 1262 4966 ordines
1294 4901 1449 4991 quosdam

1244 5007 1260 5069 1
1276 5005 1293 5045 ’l‘
