3172 5820
768 657 808 719 31

163 827 231 893 Nos
253 843 290 891 ea
304 829 442 921 ‚uncum
467 850 542 896 cura
558 833 739 914 exorcebat,
763 851 804 897 ne
821 832 894 913 quis
908 831 966 895 hos
982 831 1149 919 verborum
1164 831 1255 897 lusus
1270 815 1415 912 putaret.

163 940 284 1005 Partim
306 940 395 1006 enim
418 945 470 1008 rel
501 945 595 1026 plane
620 950 694 1009 sunt
716 944 858 1023 fortuita,
883 950 918 1008 ut
941 941 1028 1023 ὀργὴν
1051 942 1270 1024 cinopoopoer'c,
1293 941 1408 1024 partim

165 1053 263 1121 etiam
285 1054 333 1119 ita
359 1053 430 1121 fere
467 1058 660 1138 necessaria,
695 1064 731 1122 ut
767 1058 828 1137 rix,
866 1059 894 1121 si
916 1056 1007 1137 velis,
1031 1058 1135 1139 possis
1157 1057 1292 1153 evitare,
1316 1056 1406 1121 velut

163 1170 272 1244 portae
287 1170 443 1246 μαίνεσθε.
468 1171 569 1249 Quam
582 1171 625 1245 ,ob
641 1191 709 1236 rem
733 1173 784 1236 vix
807 1173 891 1236 inter
913 1170 1030 1252 figuras
1045 1171 1125 1237 haec
1141 1170 1247 1235 omnia
1262 1168 1411 1234 videntur

163 1298 241 1346 esse
264 1279 446 1363 referenda,
468 1284 586 1348 nodum
610 1285 695 1351 inter
711 1286 811 1367 lusus,
829 1287 944 1368 quibus
967 1286 1012 1350 nil
1029 1290 1089 1365 est,
1113 1303 1174 1367 quo
1191 1283 1262 1366 quis
1286 1282 1410 1349 Aristo-

163 1396 304 1477 phanem
327 1396 432 1461 minus
456 1399 652 1479 aequaverit.

273 1510 362 1589 Quod
387 1511 414 1574 si
438 1511 509 1593 quis
533 1516 602 1575 tota
625 1518 733 1577 mente
756 1514 1043 1595 comprehenderit,
1081 1511 1205 1577 facilius
1240 1512 1409 1575 verborum

164 1622 258 1688 lusus
282 1644 301 1689 a
324 1625 458 1719 reliquis
482 1624 624 1690 ridiculis
649 1626 825 1708 dignoscet,
851 1646 943 1709 quam
968 1629 994 1691 si
1012 1625 1117 1692 omnia
1133 1625 1409 1707 grammaticorum

163 1737 333 1803 schemata
356 1744 390 1803 61
413 1739 452 1802 16
476 1737 586 1818 figuris
610 1747 784 1822 praecepta
806 1740 984 1805 edidicerit.
1010 1739 1145 1804 Sensum
1169 1739 1252 1803 enim
1269 1735 1410 1818 aliquem

139 1851 199 1930 ¹in
225 1852 394 1917 verborum
417 1852 489 1916 lusu
513 1853 622 1917 inesse
645 1859 711 1933 aut,
748 1855 773 1916 si
806 1872 867 1916 non
906 1851 992 1930 insit,
1016 1852 1120 1919 videri
1157 1858 1265 1915 tamen
1289 1849 1409 1915 debere

164 1965 277 2030 inesse
302 1966 494 2030 meminerit.
533 1965 719 2048 Decipimur
742 1968 836 2044 enim,
865 1986 935 2031 cunr
957 1967 1078 2031 luditur
1101 1965 1208 2030 verbis
1232 1965 1253 2046 ¹)
1292 1962 1406 2043 Neque
1434 2018 1438 2033 ,

162 2086 218 2145 661
241 2082 367 2146 omnino
390 2081 557 2146 verborum
582 2080 680 2160 lusus',
705 2100 766 2163 quo
789 2098 852 2157 non
875 2080 1055 2161 decipiaris
1321 2088 1323 2092 '

274 2194 391 2276 Itaque
414 2195 468 2259 ubi
493 2195 571 2259 dicit
601 2194 832 2275 Aristophanes
874 2195 1010 2261 Πλοῦτος
1042 2189 1264 2271 ἐξωμμάτωται,
1303 2206 1411 2271 quam·

163 2326 262 2388 quam
285 2313 341 2373 aut
363 2307 403 2372 16
428 2327 465 2380 eo
488 2316 577 2373 recte
601 2309 726 2385 dicitur,
752 2308 805 2390 qui
829 2308 990 2372 oculorum
1014 2306 1083 2371 acie
1107 2306 1262 2388 privatur,
1288 2308 1345 2366 aut
1368 2301 1408 2366 de

167 2439 219 2501 cc,
254 2422 306 2504 qui
330 2423 491 2486 restitutis
515 2423 615 2488 oculis
638 2423 749 2487 ridere
777 2422 892 2504 coepit,
933 2427 1052 2493 tamen,
1083 2419 1231 2502 quoniam
1270 2417 1302 2480 in
1325 2414 1411 2479 Pluti

163 2553 264 2600 versu
288 2533 350 2599 635
374 2535 511 2600 alterum
534 2536 626 2600 modo
650 2535 818 2617 cogitatur,
857 2552 961 2618 neque
998 2534 1096 2598 habet
1134 2550 1263 2596 sensum
1286 2546 1410 2607 versus,

167 2647 198 2710 si
221 2652 369 2729 utraque,
395 2667 488 2730 quam
513 2648 658 2726 diximus,
684 2647 918 2728 significatione
941 2648 1001 2712 hoc
1025 2648 1156 2711 verbum
1174 2643 1276 2725 accipi
1293 2641 1413 2706 debere

171 2761 360 2839 cantandae,
399 2779 491 2826 nemo
515 2761 603 2826 verbi
639 2761 744 2826 lusum
777 2762 842 2826 illic
879 2748 982 2827 latere
1017 2761 1152 2846 putabit.
1187 2757 1256 2822 Nec
1295 2755 1421 2838 putavit

166 2978 332 3032 Rutilius
357 2978 472 3048 Lupus
499 2978 546 3030 sub
571 2993 634 3030 voce
665 2985 829 3044 παρωνυμιά
861 2979 901 3041 (in
927 2977 974 3031 lib.
1000 2976 1020 3031 l.
1049 2976 1081 3029 de
1106 2976 1152 3044 fig.
1180 2976 1245 3027 sent.
1275 2976 1300 3024 61
1326 2971 1421 3036 eloe.):

172 3066 248 3134 „Hoc
264 3070 312 3120 'aut
332 3067 457 3120 addenda
476 3068 522 3119 aut
541 3067 668 3118 mutanda
688 3067 734 3117 aut
752 3066 917 3134 porrigenda
936 3070 982 3118 aut
1004 3058 1185 3117 contrahenda
1201 3060 1282 3113 litera
1301 3064 1347 3112 aut
1366 3058 1420 3127 eyl-
1462 3094 1477 3107 .

171 3155 235 3208 laba
253 3154 312 3208 fieri
332 3155 478 3208 consuerit.
499 3153 652 3206 Custodiam
672 3170 810 3206 sacrorum
829 3170 881 3207 non
901 3152 1016 3216 honoris,
1037 3153 1084 3204 sod
1104 3150 1192 3204 oneris
1212 3163 1268 3202 esse
1282 3148 1419 3200 existima-

167 3242 215 3295 rit.
235 3241 309 3294 Idem
329 3242 357 3295 in
377 3257 399 3295 c.
417 3243 450 3294 21
469 3240 517 3295 lib.
536 3241 580 3294 IV.
612 3242 656 3309 qui
678 3243 717 3293 661
736 3241 774 3293 ad
792 3240 1006 3294 Herennium
1025 3239 1170 3308 inscriptus
1191 3238 1223 3292 de
1258 3236 1411 3290 annomina-

167 3329 240 3382 tioue
258 3328 368 3395 legitur,
387 3344 467 3396 quam
486 3329 696 3396 napovopaoiuo
715 3329 808 3379 Graeci
828 3327 969 3380 vocabant:
996 3323 1202 3393 „Aunominatio
1228 3328 1275 3390 est,
1301 3340 1359 3376 cunr
1384 3325 1417 3377 ad

168 3417 243 3470 idem
263 3416 372 3469 verbnm
391 3419 416 3468 et
434 3415 505 3468 idem
525 3430 620 3467 nomen
640 3415 779 3467 acceditur
804 3413 1010 3466 commutatione
1036 3413 1115 3465 unius
1139 3411 1247 3477 lilerae,
1278 3415 1324 3465 aut
1356 3412 1417 3465 lite-

170 3518 270 3568 rarum,
290 3502 409 3570 syllabae
423 3506 469 3554 aut
482 3500 654 3569 syllabarum,
674 3505 719 3554 aut
738 3503 772 3554 ad
791 3519 833 3555 res
853 3501 1001 3555 dissimiles
1021 3500 1121 3555 similia
1144 3500 1226 3553 rerba
1245 3501 1420 3554 accomodan-

167 3594 220 3656 tur,
238 3592 268 3643 ut
280 3590 363 3642 veniit
377 3606 392 3643 a
404 3592 438 3655 te,
457 3593 596 3658 antequam
614 3589 722 3642 Romam
743 3591 814 3643 venit
833 3593 906 3658 sqq.“
927 3588 1012 3642 Multa
1025 3589 1067 3642 his
1087 3589 1120 3642 do
1139 3589 1218 3642 rebus
1232 3587 1416 3653 Quintilianus

169 3678 227 3745 egit
244 3677 273 3730 in
292 3679 355 3739 inst,
375 3695 414 3732 or.
432 3677 479 3730 lib.
500 3676 544 3729 IX.
564 3693 620 3746 cap.
639 3679 664 3742 3,
684 3678 729 3746 qui
749 3677 828 3730 etiam
849 3679 970 3745 πάρισα,
1000 3673 1211 3736 sputaminum,
1238 3670 1416 3731 ὁμοιόπτωτα

167 3763 235 3818 scite
247 3764 386 3829 distinxit,
405 3766 437 3818 de
450 3764 546 3833 quibus
561 3767 641 3818 etiam
655 3765 835 3820 Alexandrum
849 3770 873 3819 et
886 3766 1029 3830 Zouaeum,
1046 3764 1122 3831 alios,
1135 3764 1181 3832 qui
1194 3764 1257 3830 περὶ
1270 3763 1417 3830 σχημάτων

168 3852 334 3921 seripserunt
354 3852 458 3905 iuvabit
476 3852 667 3919 contulisse.*)
688 3853 799 3922 Aliquid
823 3853 953 3909 eSuidae
981 3853 1067 3907 lexico
1088 3854 1251 3923 depromam,
1276 3853 1323 3920 qui
1349 3851 1415 3906 haec

167 3940 304 3992 annotavit
322 3939 370 3992 sub
389 3956 453 3993 voce
472 3941 754 4009 παραγραμματίζων.
777 3938 844 4010 dnrp
859 3941 1015 4008 παρὴχημα
1035 3944 1156 4010 tapetas,
1176 3942 1225 3993 sub
1245 3957 1307 3994 voce
1326 3960 1416 4010 napa-

164 4026 385 4092 γραμματισμός·
406 4021 474 4077 ὅταν
487 4027 598 4093 γράμμα
613 4025 674 4078 ἀντὶ
686 4029 847 4099 γράμματος
858 4030 938 4100 τεθῇ
954 4022 1011 4080 οἷον
1025 4025 1087 4079 ἀντὶ
1099 4030 1153 4078 τοῦ
1170 4028 1283 4097 μυρσίνη
1303 4025 1417 4095 βὺρσίνη

165 4115 224 4166 κτλ.
243 4112 341 4167 Confer
359 4115 772 4183 11661616601116111616111
793 4115 989 4171 dissertationis
1010 4117 1042 4170 de
1062 4133 1111 4169 usu
1124 4117 1325 4186 proverbiorum
1345 4116 1417 4186 apud

165 4200 375 4270 Aristophanem
395 4218 456 4272 pag.
475 4203 588 4266 27-38,
620 4221 680 4257 anu.
711 4204 809 4271 [ingeri
839 4204 873 4257 ad
899 4203 1004 4257 Thesm.
1034 4220 1072 4262 16,
1102 4202 1177 4269 1191,
1205 4202 1352 4257 Fritaschii
1381 4205 1415 4257 ad

166 4288 273 4343 Thesm.
300 4306 336 4343 vs.
366 4290 418 4342 273
443 4291 488 4358 (16
514 4290 715 4357 61111616116116),
743 4290 868 4344 Μ11611611
898 4293 931 4344 ad
957 4291 1025 4346 Ach.
1055 4291 1151 4345 1575
1179 4293 1225 4360 (de
1252 4289 1415 4361 paraenesi),

164 4375 288 4430 Richteri
320 4378 354 4430 ad
384 4375 465 4447 Vesp.
493 4377 637 4447 prolegom.
667 4395 728 4447 pag.
755 4380 814 4445 114,
843 4396 903 4432 ann.
938 4381 971 4433 ad
1002 4379 1082 4450 Vesp.
1113 4396 1150 4432 rs.
1182 4380 1242 4442 610,
1273 4379 1306 4432 ad
1335 4377 1414 4431 Pacis

163 4479 220 4516 vss.
239 4464 262 4529 1,
280 4463 314 4517 59
334 4464 380 4526 (de
399 4464 538 4517 verborum
557 4465 689 4532 lusibus),
709 4467 742 4519 ad
762 4466 825 4519 Pac.
852 4484 891 4521 rs.
915 4467 949 4522 32
975 4469 1020 4532 (16
1048 4460 1276 4532 homoeoteleuto),
1303 4462 1414 4521 Teuffeli

164 4552 204 4604 ad
221 4549 290 4604 Nub.
311 4567 362 4604 vss.
381 4551 441 4617 320,
461 4554 538 4617 1163,
562 4552 608 4606 Th.
630 4553 726 4607 Koclrii
746 4555 780 4608 ad
799 4553 846 4623 Eq.
865 4572 904 4609 vs.
923 4555 982 4609 615.

273 4638 296 4705 ²)
316 4637 350 4692 es.
369 4639 480 4694 1116101.
500 4639 576 4695 Rhei.
597 4641 633 4694 lss
655 4643 695 4694 11.
716 4681 744 4696 ..
764 4639 801 4692 τά
821 4640 899 4712 παρὰ
911 4628 1024 4710 γράμμα
1043 4640 1198 4702 σκώμματα·
1218 4642 1346 4711 ἐξαπατᾷ
1363 4640 1415 4713 γάρ

163 4727 195 4778 61
214 4740 280 4793 quae
300 4741 380 4795 supra
400 4727 516 4781 diximus
534 4745 595 4798 pag.
617 4729 657 4781 15.

165 4876 335 4885 ἢ»...

270 4924 298 4991 a)
319 4926 390 4995 apuu
410 4926 542 4979 11116
561 4928 588 4980 a
609 4930 670 4980 am.
691 4927 759 4980 1111.
781 4945 806 4999 p.
821 4929 961 4984 ars-ers
974 4933 999 4982 a
1013 4930 1150 4995 carfssa
1163 4932 1237 5003 apuu
1248 4930 1412 5003 spongeum
1467 4921 1471 4931 '

162 5010 197 5064 in
215 5009 281 5065 rhet.
300 5027 340 5080 gr.
360 5012 411 5066 rol.
423 5012 476 5081 lli.
495 5029 522 5082 p.
542 5013 647 5069 35-36
667 5014 857 5071 61168-169.
1415 5062 1417 5067 .
