3172 5820
775 566 824 630 13-

165 750 259 813 quam
297 736 403 801 multa
441 741 655 819 enumeravit,
698 742 813 823 quibus
850 742 984 823 reliquis
1024 741 1259 806 comoediarum
1309 741 1417 821 poetis

167 846 354 928 excelleret,
379 848 459 931 κάγώ
483 851 535 929 μὲν
557 852 672 944 inquit,-
694 850 839 923 ’τὸιοῦτος
863 850 937 934 ἀνήρ
961 850 1003 913 ab
1027 852 1061 914 οὐ
1084 858 1167 932 κομῶ
1190 855 1235 937 (in
1249 835 1305 918 ⁴VS.
1329 853 1416 938 545).

168 961 258 1026 Dixit
270 961 381 1044 igitur,
406 966 550 1047 quamvis
567 973 751 1047 praestaret
767 969 886 1032 ceteris
901 973 982 1047 arte,
1000 967 1182 1049 superbiam
1198 972 1306 1031 tamen
1323 967 1417 1048 longe

168 1096 189 1142 a
213 1095 247 1141 se
264 1077 393 1144 abesse.
418 1078 597 1160 Superbum
614 1081 699 1144 enirn
714 1086 864 1162 putamus
880 1099 963 1160 esse,
988 1097 1208 1162 quemcunque
1224 1084 1318 1158 κσμᾶσ
1340 1081 1417 1144 dici-

169 1210 249 1256 mus.
276 1190 347 1269 Qua
371 1192 404 1255 in
428 1210 505 1257 voce
528 1211 599 1257 cum
622 1193 701 1257 insit
723 1199 895 1276 praetcrea
917 1193 981 1257 alia
1014 1211 1116 1274 eaque
1149 1194 1279 1274 propria
1311 1194 1415 1258 crines

169 1304 382 1385 promittendi
405 1305 509 1387 notio,
544 1305 661 1370 salsum
695 1305 732 1370 fit
761 1312 907 1389 repente,
943 1306 1026 1387 quod
1049 1302 1256 1383 cousuetudo
1279 1283 1416 1388 negavit.

175 1417 305 1482 Calvum
332 1418 417 1481 enim
442 1417 504 1482 iam
528 1423 595 1482 tum
618 1421 773 1501 temporis
796 1418 895 1485 luisse
919 1418 1165 1508 Aristophanem
1197 1418 1416 1484 interamnae

176 1535 314 1596 constat.
1152 1536 1154 1540 ’

278 1643 399 1708 Addam
421 1643 509 1708 hisce
539 1663 636 1708 unum
666 1663 794 1710 versum
823 1645 928 1725 Pacis,
950 1663 1033 1726 quae
1056 1644 1251 1723 inscribitur,
1287 1661 1413 1710 comoe-

171 1757 246 1823 diae
273 1756 366 1821 1286.

279 1869 340 1954 Est
362 1887 427 1953 illic
450 1888 548 1964 locus,
588 1907 649 1970 quo
680 1889 756 1952 inde
789 1907 807 1952 a
838 1906 882 1952 vs.
926 1887 1008 1951 1270
1037 1888 1198 1953 Homerus
1227 1886 1416 1968 exagitatur,

170 2000 294 2082 leporis
318 2001 442 2083 plenus
467 2000 573 2082 Atque
595 2001 682 2065 inter
713 2001 786 2081 alia,
812 2019 893 2081 quae
923 2001 1016 2083 pueri
1051 2000 1179 2082 quidam
1211 1999 1244 2065 in
1274 1999 1417 2064 convivio

170 2112 327 2195 recitant,
350 2113 428 2178 haec
452 2131 578 2194 quoque
600 2103 775 2177 habentur:
1268 2112 1269 2119 ’

378 2239 648 2322 ,ΘρθήΜθ-ίρᾶᾄ
673 2241 772 2303 ἔπειτα
793 2244 983 2323 πεπαυμένοι,

175 2391 250 2437 curn
275 2373 425 2457 (epulari)
450 2375 634 2455 desiissent,
658 2374 874 2440 armabantur.
899 2375 1061 2458 Trygaeus
1078 2393 1164 2457 vero,
1188 2375 1242 2457 qui
1265 2381 1419 2440 canentes

169 2487 337 2567 audiebat,
361 2507 422 2552 non
446 2483 567 2567 ἄσμενοι
592 2485 673 2567 οἶμαι
697 2489 760 2554 illis
777 2490 1008 2571 respondisset,
1032 2490 1094 2553 nisi
1117 2486 1317 2568 θωρήσσοντο
1334 2470 1419 2554 γἰΠιιά

167 2599 267 2681 longe
290 2601 353 2665 alio
377 2620 475 2692 sensu
490 2601 686 2684 accepissem
710 2599 931 2687 θωρήσσεσθαι
954 2603 1042 2678 enirn
1063 2601 1114 2667 est
1137 2603 1235 2668 etiarn
1257 2605 1368 2684 potare
1386 2607 1420 2668 et
1492 2643 1494 2650 ›

169 2713 298 2780 ebrium
343 2714 423 2779 fieri.
449 2714 500 2780 Sic
524 2705 699 2797 igitur-ille
722 2715 882 2780 intellexit
905 2735 1032 2780 versum
1048 2715 1159 2780 ¹1286:
1194 2716 1272 2781 (lum
1297 2714 1419 2797 epulari

169 2818 359 2908 desiissent,
383 2827 423 2892 ad
445 2829 558 2910 pocula
581 2848 634 2894 res
658 2830 796 2894 devenit.

281 2957 356 3022 Tria
364 2958 463 3039 igitur
472 2959 690 3041 expedivimus
700 2959 894 3040 singularum
903 2978 1014 3025 vocum
1030 2959 1247 3042 ambiguarum
1265 2959 1418 3042 exempla.

172 3071 266 3148 Quae
289 3089 383 3135 voces
407 3090 477 3135 curn
495 3090 532 3135 ex
557 3072 694 3136 omnium
717 3091 778 3136 usu
796 3077 829 3136 et
852 3069 1052 3138 serenatum
1075 3092 1133 3137 sua
1153 3073 1218 3136 sint
1240 3072 1418 3153 ambiguae,

169 3184 221 3247 ita
243 3188 279 3246 ut
311 3186 442 3242 σπονδαί
469 3203 597 3266 semper
612 3191 668 3249 aut
699 3186 868 3251 libationes
892 3192 948 3252 ant
972 3187 1113 3250 indutiae
1144 3186 1301 3264 dicantur,
1325 3189 1419 3263 κσμᾶσ

171 3297 279 3360 crines
304 3297 491 3378 promittere
523 3298 679 3380 simulque
706 3299 877 3381 superbum
902 3319 975 3365 esse
999 3298 1166 3380 significet,
1199 3296 1420 3377 θωρήσσεσθαι

170 3414 231 3472 aut
260 3408 300 3472 de
331 3409 428 3474 armis
470 3410 632 3491 capiendis
665 3417 839 3492 usurpetur·
869 3418 924 3477 aut
962 3431 1059 3477 sensu
1091 3413 1131 3476 ad
1162 3411 1418 3477 comissationem

174 3522 346 3597 translato,
369 3541 432 3587 non
456 3524 561 3586 minus
584 3522 652 3586 iere
676 3524 778 3605 ipsius
801 3524 929 3605 linguae
962 3525 1110 3604 indolem,
1142 3543 1223 3607 quae
1249 3525 1307 3588 has
1330 3510 1416 3588 face-

174 3635 242 3698 tias
267 3640 383 3716 poetae
419 3635 720 3715 subministraverit,
756 3656 848 3726 quam
872 3638 1096 3720 Aristophanis
1130 3637 1306 3702 sollertiam
1331 3637 1416 3701 cele·

175 3734 353 3827 brabimus,
378 3747 430 3829 qui
460 3765 573 3829 sparsa
595 3767 690 3813 manu
713 3749 802 3830 larga
817 3750 988 3815 ,uberrimo
1010 3750 1139 3831 ingenio
1162 3750 1296 3832 recepit,
1327 3748 1416 3830 fovit,

175 3861 327 3926 excoluit.
349 3861 468 3941 Verum
492 3861 594 3942 magis
618 3861 715 3925 etiarn
739 3867 855 3943 poetae
879 3869 982 3928 artem
1016 3863 1218 3947 admiramur,
1244 3864 1308 3943 ubi,
1333 3880 1415 3945 quae

169 3978 290 4037 natura
313 3972 664 4054 carentambiguitate,
688 3980 823 4055 repente
855 3975 927 4054 alio,
951 3994 988 4040 ac
1010 3977 1185 4058 putaveris,
1213 3993 1311 4040 sensu
1334 3976 1417 4040 acci·
1454 4003 1458 4006 ·

169 4102 252 4167 pere
277 4086 410 4166 cogeris.

192 4242 196 4255 ·
277 4214 384 4280 Veluti
407 4215 434 4280 si
459 4217 529 4297 quis
554 4212 659 4281 lovem
684 4219 789 4282 omnia
820 4219 1010 4299 intuentem,
1049 4218 1127 4283 nihil
1157 4239 1220 4285 non
1254 4218 1416 4284 videntem

175 4329 389 4411 imprecetur:

381 4452 404 4517 ὦ
427 4463 485 4520 Ζεῦ
508 4457 617 4521 διόπτα
639 4461 687 4520 καὶ
710 4457 846 4525 κατόπτα
867 4466 1002 4541 πανταχῆ

170 4589 257 4654 nihil
282 4595 334 4654 est
357 4564 491 4669 omnino,
527 4591 611 4672 qnod
641 4611 704 4655 non
735 4569 943 4673 sit'graviter
976 4593 1107 4672 dictum,
1144 4593 1224 4659 nihil
1261 4592 1422 4675 protecto,

166 4722 235 4784 quo
259 4721 323 4766 non
345 4704 448 4784 possit
471 4701 539 4768 sive
556 4704 764 4784 Philoctetes,
788 4723 847 4770 seu
872 4705 971 4770 mavis
997 4705 1139 4786 Oedipus
1162 4706 1416 4771 deorumhomi·

165 4832 315 4897 numque
338 4815 440 4896 patris
475 4834 567 4898 opem
602 4816 761 4881 invocare.
796 4818 843 4883 Tu
878 4837 954 4897 vero
977 4818 1202 4888 Acharnenses
1237 4817 1348 4888 evolvo
1383 4825 1449 4887 ct·

163 4926 277 4997 recita
299 4945 413 4998 versus
435 4928 510 4998 inde
533 4948 552 4999 a
574 4928 655 5000 430:
