3172 5820
862 594 904 657 52

263 771 344 850 ἐγγὺς
366 776 419 831 τοῦ
443 767 622 830 narratae?
635 769 658 851 ¹)
683 770 772 847 Quae
796 790 855 836 vox
881 769 971 851 ἐγγύς,
1004 788 1064 850 quo
1088 768 1212 850 planior
1246 767 1303 831 liat
1332 761 1508 840 sententia,

263 903 325 949 non
349 884 450 949 solum
473 882 639 964 praecedit
670 885 769 948 verba
801 885 847 942 ἐπὶ
879 888 932 943 τοῦ
964 880 1126 962 παττάλου,
1162 882 1220 946 sed
1248 882 1295 945 ita
1326 879 1426 943 etiam
1458 880 1511 939 est

264 997 428 1076 collocata,
452 1004 573 1061 utnon
596 997 636 1059 ad
651 997 779 1060 initium
803 995 886 1076 παρά
910 999 958 1057 σοὶ
981 993 1135 1076 κρεμήσετ’
1160 995 1218 1059 sed
1234 995 1395 1076 adipsum
1412 989 1511 1055 finem

262 1129 376 1174 versus
400 1111 447 1170 ἐπὶ
472 1113 522 1170 τοῦ
546 1108 697 1170 παττάλου
722 1110 792 1174 sine
816 1110 913 1175 dubio
937 1112 1111 1192 pertineat.
1135 1110 1248 1190 Neque
1273 1113 1381 1172 tamen
1406 1105 1509 1170 ambi-

262 1224 386 1304 guitate
410 1228 499 1287 caret
522 1224 706 1288 versiculus.
743 1224 790 1288 Re
813 1244 890 1289 vera
913 1224 1008 1302 enim,
1032 1224 1064 1287 id
1088 1223 1170 1304 quod
1196 1241 1257 1286 vss.
1282 1220 1347 1284 935
1370 1225 1404 1284 et
1426 1216 1509 1282 936:

265 1339 350 1400 drlA.
381 1335 476 1415 ἀμίδα
506 1360 557 1415 μοι
581 1336 670 1400 δότω.
717 1341 811 1400 ΒΑΕ.
847 1336 939 1407 αὐτὸς
973 1338 1153 1397 καθελοῦ
1188 1337 1349 1409 docemur,
1387 1331 1512 1398 matula
1542 1416 1543 1419 Ἴ

263 1450 318 1514 illa
342 1470 360 1514 e
383 1451 501 1532 paxillo
524 1451 630 1534 aliquo
654 1453 826 1533 pendebat,
858 1453 905 1517 ita
926 1458 963 1517 ut
985 1451 1168 1534 Bdelycleo,
1205 1468 1275 1513 cum
1299 1446 1452 1513 matulam
1478 1445 1512 1508 in

264 1563 353 1628 clavo
369 1583 446 1628 vere
463 1564 649 1645 suspendat,
673 1565 781 1629 verbis
805 1562 885 1644 tyrio
909 1565 956 1624 ἐπὶ
979 1568 1034 1625 τοῦ
1056 1561 1208 1624 παττάλου
1225 1583 1287 1628 non
1304 1563 1374 1626 sine
1390 1559 1509 1625 fraude

262 1678 438 1743 mentulam
472 1657 641 1757 significet,
677 1697 713 1742 ac
745 1677 772 1741 si
808 1681 845 1736 ἐκ
878 1682 931 1737 τοῦ
966 1676 1118 1738 παττάλου
1154 1683 1283 1742 servata
1317 1673 1512 1739 elocutionis

264 1791 414 1854 castitate
438 1790 547 1853 dicere
571 1789 659 1854 velit.
684 1790 784 1867 Quam
808 1791 847 1855 ob
870 1810 939 1855 rem
963 1792 1161 1856 Venusinum
1185 1794 1292 1856 vatem
1317 1788 1511 1853 recordatus

265 1902 311 1967 sic
346 1903 494 1985 eqru'dem
530 1922 593 1967 non
627 1904 731 1968 minus
765 1904 913 1984 ambigue
955 1905 1038 1969 hunc
1072 1924 1200 1970 versum
1235 1909 1358 1971 vertam
1391 1899 1513 1970 wne:

270 2017 381 2100 „quta
404 2022 437 2081 te
460 2017 616 2099 pendebit
638 2037 738 2101 prope
761 2038 780 2083 a
803 2018 906 2100 palo.“
922 2018 949 2104 2)

368 2129 490 2212 Vesp.
515 2149 567 2195 vs.
591 2131 665 2196 921.

263 2245 357 2304 ΒΑΕ.
425 2240 501 2320 πρὸς
524 2247 582 2303 τῶν
605 2248 695 2317 θεῶν,
718 2243 757 2324 μὴ
780 2243 1059 2326 aporfoeaeoeyiyrorou',
1083 2236 1105 2304 ὦ
1129 2241 1230 2323 πάτερ,
1398 2242 1465 2305 919

418 2357 486 2435 πρὶν
508 2351 543 2418 ἄν
565 2356 590 2437 y'
616 2354 746 2439 ἀκούσῃς
768 2355 954 2439 ἀμφοτέρων.
980 2361 1065 2422 (ΜΛ.
1092 2354 1164 2436 ἀλλ’,
1188 2348 1299 2434 ὦγαθέ,
1400 2355 1468 2418 920

418 2467 453 2531 τὸ
477 2475 599 2549 πρᾶγμα
622 2468 750 2548 φανερόν
774 2475 862 2532 ἐστιν·
885 2470 958 2532 αὐτὸ
982 2470 1037 2550 γάρ
1061 2474 1132 2552 βοᾷ.
1401 2468 1465 2532 921

370 2582 506 2648 Versum
530 2584 591 2647 921
617 2583 663 2650 sic
685 2590 854 2650 verterunt
877 2587 942 2650 VV.
967 2587 1052 2651 DD.:

264 2695 468 2779 Droysenus:
497 2697 584 2762 Mein
615 2698 759 2763 Freund!
791 2700 843 2764 die
874 2701 967 2766 Sach’
997 2700 1041 2765 ist
1072 2700 1151 2777 klar,
1182 2697 1235 2761 die
1266 2694 1369 2759 Sacbe
1400 2693 1514 2758 selber

368 2810 505 2876 schreit!

263 2921 441 3004 Seegerus:
465 2924 528 2989 Die
553 2924 646 2990 Sacb’
670 2927 714 2990 ist
737 2926 942 3006 sonnenlrlar,
967 2927 1014 2990 sie
1039 2924 1179 2990 schreit!

262 3034 351 3099 Hier.
375 3036 568 3102 Muellerus:
600 3039 689 3104 Docb
720 3057 756 3103 es
789 3040 868 3120 liegt
899 3040 952 3104 die
977 3040 1069 3105 Sacb’
1097 3036 1338 3118 handgreiflich,
1362 3035 1512 3114 Freund;

368 3148 437 3214 laut
459 3150 580 3216 schreit
601 3171 655 3216 um
678 3152 786 3217 Rache
810 3153 867 3218 sie.

263 3258 471 3327 Scbnitzerus
510 3264 683 3328 latinorum
715 3267 929 3348 interpretum
945 3266 971 3349 8)
1011 3265 1151 3346 vestigia
1184 3265 1289 3329 acrius
1321 3261 1442 3344 pressit
1477 3266 1513 3327 et

355 3353 421 3452 ιγάρ
444 3377 587 3441 voculam
610 3397 673 3442 non
696 3378 849 3459 neglexit.
874 3378 926 3443 Sic
950 3377 1034 3443 enirn
1050 3378 1125 3442 ille:
1149 3377 1238 3442 Docb
1254 3383 1349 3458 guter
1364 3375 1511 3457 Freund,

368 3488 419 3553 die
444 3488 546 3554 Sacbe
569 3490 650 3571 liegt
673 3510 722 3555 am
747 3490 844 3572 Tage,
867 3491 952 3556 denn
976 3491 1023 3555 sie
1048 3490 1169 3555 schreit
1188 3492 1223 3570 Ja
1246 3490 1323 3557 laut.

366 3599 467 3666 Iulius
491 3603 663 3669 Richterus
687 3605 879 3686 comparatis
902 3604 981 3669 locis
1002 3604 1172 3684 nonnullis,
1197 3603 1312 3684 quibus
1329 3604 1409 3667 alios
1427 3621 1510 3684 quo-

263 3729 325 3794 que
349 3714 523 3797 scriptores
539 3718 599 3782 hac
615 3718 812 3783 elocutioner
835 3721 896 3798 βοά
918 3715 952 3777 τά
977 3722 1097 3797 πρᾶγμα
1119 3719 1153 3782 in
1176 3736 1212 3781 re
1235 3714 1407 3781 manifesta
1431 3734 1513 3781 usos

265 3843 339 3890 esse
363 3829 561 3908 ostenderet,
597 3849 659 3912 quo
690 3831 730 3894 de
764 3851 825 3895 usu
855 3851 949 3896 nemo
974 3836 1062 3896 certe
1086 3850 1224 3912 unquam
1247 3830 1425 3909 dubitabat,
1461 3830 1513 3894 ita

269 3939 367 4004 etiarn
390 3959 449 4005 nos
472 3941 551 4006 dicit
572 3961 683 4007 vocem
707 3944 934 4008 selbstredend
957 3945 1120 4011 adbibere.

368 4052 433 4118 Cur
454 4073 531 4118 vero
546 4055 708 4120 Philocleo
731 4055 781 4121 bis
805 4057 889 4121 idem
914 4059 1074 4140 expressit
1096 4058 1247 4123 omnino?
1271 4057 1331 4122 Vel
1355 4075 1411 4121 cur
1435 4075 1512 4122 eam

264 4184 390 4231 causam
422 4173 555 4250 propter
585 4188 680 4250 quam
714 4188 767 4234 res
802 4176 892 4235 esset
925 4170 1104 4252 manifesta,
1140 4172 1275 4251 addidit,
1311 4170 1395 4253 quod
1437 4170 1513 4252 ipsa

263 4279 418 4345 clamaret
452 4299 516 4360 reS,
552 4300 622 4347 curn
656 4288 764 4347 tamen
800 4302 872 4366 „res
898 4285 1034 4349 clamat“
1071 4303 1144 4350 esse
1180 4283 1383 4350 manifestam
1419 4283 1514 4349 illam

263 4393 484 4474 significaret?
522 4396 571 4461 An
593 4396 677 4462 forte
701 4403 737 4462 ut
760 4398 824 4462 vim
847 4399 1030 4463 sententiae
1053 4400 1169 4480 prioris
1192 4403 1338 4479 augeret,
1370 4397 1513 4462 similem

369 4615 389 4681 1)
410 4613 555 4668 Conferant
572 4615 670 4668 tironos
688 4612 767 4669 Hom.
786 4612 817 4668 ll.
836 4615 877 4666 22.
898 4614 950 4668 152
977 4615 1022 4664 ἐπὶ
1040 4611 1092 4665 τοῖο
1110 4615 1201 4680 πηγαῖα
1219 4615 1316 4665 πλυνοὶ
1334 4617 1402 4676 ἴασι,
1423 4614 1514 4670 Thuc.
1573 4633 1577 4640 ·

262 4697 287 4753 ὃ.
306 4697 347 4753 34.
367 4702 412 4751 ἐπὶ
431 4701 546 4770 Θρᾴκης,
565 4703 629 4755 Her.
648 4703 672 4756 7.
692 4704 717 4756 6.
738 4701 768 4752 αἱ
786 4704 832 4753 ἐπὶ
850 4701 961 4767 Λήμνου
981 4702 1145 4763 ἐπικείμεναι
1163 4704 1241 4769 νῆσοι
1248 4722 1258 4763 ,·
1277 4701 1417 4755 conferant
1429 4719 1515 4773 prae-

263 4791 335 4840 terea
354 4789 441 4843 lexica
461 4792 486 4842 et
504 4789 635 4856 Kruegeri
655 4806 767 4857 gramm.
786 4807 827 4858 gr.
847 4794 870 4859 ξ.
890 4792 931 4844 68.
951 4791 993 4844 40.
1014 4792 1039 4842 2.

370 4877 392 4943 ²)
411 4874 476 4929 Hor.
497 4876 552 4930 Sat,
572 4878 595 4930 l.
614 4876 639 4930 8,
658 4877 682 4929 5.

368 4965 388 5039 ³)
409 4962 554 5032 Berglerus
575 4966 600 5017 et
618 4962 783 5017 Brunckius:
803 4981 864 5031 „res
883 4964 1025 5018 manifesta
1045 4966 1099 5034 eet;
1117 4965 1180 5039 ipsa
1199 4964 1272 5018 enim
1292 4965 1416 5019 clamat.“
