3172 5820
828 563 984 715 432—

393 780 451 866 (4.)
475 779 643 864 Reliquum
661 790 721 866 est,
746 793 782 851 ut
804 789 843 853 de
867 790 908 855 iis
932 791 1095 863 vocabulis
1119 791 1271 873 dicamus,
1295 796 1411 876 quibus
1434 796 1533 863 scho-

284 894 398 959 liastae
421 892 569 975 ambigua
591 899 720 978 proprie
742 899 932 980 significant.
968 905 1057 982 Quae
1081 905 1208 985 quidem
1233 909 1388 972 vocabula
1424 910 1472 974 ita
1498 911 1533 973 in

285 1008 347 1072 duo
375 1023 495 1085 genera
527 1014 601 1089 apte
632 1011 781 1077 videntur
804 1013 943 1080 discerni
967 1034 1073 1098 posse,
1105 1022 1142 1082 ut
1165 1019 1259 1084 alteri
1291 1038 1329 1085 ea
1363 1022 1532 1087 ascriban-

284 1131 345 1205 tur,
369 1145 451 1208 quae
473 1125 515 1189 ad
538 1143 631 1189 unam
654 1144 763 1190 vocem
787 1128 966 1208 ambiguam
1001 1131 1184 1212 duplicique
1219 1151 1317 1197 sensu
1351 1133 1531 1199 adhibitam

282 1240 475 1321 pertineant,
499 1257 593 1320 quem
624 1240 759 1303 verbi
789 1241 936 1305 lusum
975 1244 1045 1308 iure
1080 1246 1186 1334 possis
1210 1245 1319 1311 dicere
1356 1283 1396 1294 -
1432 1248 1531 1312 alteri

283 1370 331 1431 ea,
354 1370 413 1434 por
434 1369 516 1433 quae
541 1351 755 1433 compluribus
779 1354 883 1435 iisqne
907 1360 962 1418 aut
986 1356 1144 1421 similibus
1168 1363 1222 1422 aut
1246 1358 1407 1440 ambiguis
1432 1378 1529 1424 voca·

282 1463 365 1540 bulis
388 1464 608 1545 quoquomodo
632 1464 765 1529 ridicule
790 1485 825 1530 se
849 1468 1082 1550 excipientibus
1121 1471 1295 1536 insularem
1332 1471 1418 1537 effici
1452 1491 1530 1537 seu·

280 1577 415 1643 tentiam
437 1579 616 1643 doceamur.
651 1580 758 1660 Atque
781 1579 833 1643 hic
856 1599 951 1646 verus
976 1588 1027 1647 est
1051 1588 1085 1647 et
1115 1585 1273 1663 genuinus
1310 1586 1531 1650 verborum

281 1691 423 1757 lusus

386 1806 428 1869 Et
451 1806 554 1869 altera
577 1805 704 1887 quidem
728 1806 793 1886 illa,
830 1827 912 1889 quae
935 1808 976 1872 ad
999 1809 1098 1873 solam
1129 1809 1162 1872 in
1186 1810 1344 1892 loquendo
1367 1812 1531 1892 ambigui-

283 1921 383 1984 tatem
405 1918 526 1983 rectius
549 1917 744 2000 referuntur,
768 1919 848 1984 haec
869 1919 939 1985 fere
963 1927 1055 1986 sunt:
1151 1997 1154 2015 .

298 2062 301 2068 ·
385 2029 577 2111 ἀμφιβόλως,
617 2033 851 2110 κεκαλυμμένοις,
891 2031 1086 2112 κακεμφάτως
1119 2036 1197 2120 λέγει,
1232 2034 1421 2116 εάφημισμός
1455 2041 1530 2116 ἐστι,

227 2131 241 2193 ᾎ
281 2144 481 2224 διλημμάτονς
514 2147 619 2223 τίθησι
652 2144 751 2217 λέξεις,
785 2153 848 2214 τοῖς
870 2153 971 2224 μέσοις
994 2151 1099 2228 χρῆται
1123 2145 1242 2227 ῥίμαοι,
1277 2151 1531 2228 περιεσταλμένως

280 2256 416 2338 βούλεται
439 2257 542 2348 λέγειν,
578 2264 616 2326 εις
639 2256 672 2318 τά
698 2259 821 2339 αἰσχρὰν
843 2257 998 2333 ἀποτείνει,
1034 2258 1181 2341 ἐχρήσατο
1216 2260 1298 2339 παρά
1332 2260 1366 2322 τὸ
1393 2313 1399 2327 .
1425 2312 1451 2342 .,
1490 2261 1532 2332 ὠς

279 2369 385 2447 πρὸς.
410 2372 505 2444 ,ὡς
536 2377 560 2432 ei
582 2370 672 2450 έλεγεν
695 2421 702 2436 ,
727 2417 745 2444 ,,
783 2373 844 2431 ἐπεὶ
868 2370 987 2450 ἔγκειται
1011 2423 1018 2436 .
1043 2418 1061 2446 .,
1100 2373 1155 2433 olo
1180 2378 1291 2443 ἐννοίας
1316 2375 1382 2458 ἔχει,
1420 2380 1531 2445 διττῶς

278 2485 407 2562 νοητέον,
432 2484 568 2564 βούλεται
591 2489 689 2557 εἰπεῖν,
713 2489 839 2562 κομψῶς
861 2490 896 2564 τῇ
921 2484 1088 2565 ἀμφιβολίᾳ
1113 2493 1225 2568 χρῆται.

301 2578 326 2627 5
383 2598 506 2677 Quibus
541 2597 618 2679 qnid
652 2597 752 2662 velint
787 2597 990 2679 scholiastae,
1026 2605 1062 2664 ut
1096 2603 1207 2682 paucis
1238 2602 1470 2681 ostendamus,
1506 2622 1527 2666 e

278 2711 412 2793 perenni
435 2717 469 2775 et
492 2711 680 2776 inexhausto
712 2711 823 2775 barum
857 2713 1045 2804 iacetiarum
1079 2715 1178 2794 fonte,
1213 2716 1253 2779 do
1289 2716 1404 2797 quibus
1438 2716 1528 2788 infra

176 2891 178 2895 ,
281 2826 408 2889 dicetur
429 2825 577 2900 uberius,
608 2825 671 2888 iam
703 2823 735 2887 in
767 2825 849 2888 hunc
879 2824 992 2901 locum,
1028 2844 1110 2907 quae
1144 2832 1236 2890 sunt,
1253 2826 1347 2892 buius
1378 2829 1525 2909 generis,

280 2938 431 3004 nonnulla
454 2937 679 3003 derivabimus.

381 3051 592 3134 Amphitheus
614 3050 669 3114 ille
692 3050 733 3114 ad
747 3050 953 3131 Dicaeopolin
972 3052 1119 3130 accurrit,
1143 3053 1203 3130 cui,
1228 3052 1305 3133 quid
1328 3052 1409 3119 adeo
1425 3053 1523 3119 festi-

275 3170 367 3229 naret
382 3165 616 3245 interrogatus,
640 3163 720 3226 haec
743 3164 909 3244 respondit
931 3164 964 3227 in
988 3165 1064 3228 Ach.
1088 3183 1150 3229 vss.
1182 3164 1364 3229 llil—185:

272 3273 335 3431 φῖέ
376 3311 379 3315 <
558 3274 611 3355 ἐγώ
635 3275 687 3353 μέν
710 3272 798 3352 δεῦρό
822 3296 870 3334 σοι
891 3273 1148 3354 on—mocqutpev

430 3388 582 3463 ἔρπεμάον.
606 3386 637 3449 οἳ
660 3386 687 3479 d'
711 3383 869 3464 ὤσφροντο
893 3391 1059 3468 πρεσβῦταί
1078 3411 1151 3457 τινες

1318 3382 1424 3480 intuitui
1434 3378 1516 3441 litate
1535 3364 1560 3434 λι

430 3501 603 3583 Ἀχαρνικοί,
627 3502 745 3568 στιπτοὶ
769 3498 908 3579 γέροντες,
931 3504 1055 3576 πρίνινοι
1252 3457 1324 3566 180ι

352 3585 355 3590 ⁸
429 3611 618 3694 ἀτεράμονες,
641 3608 921 3695 Μαραθωνομάχαι,
945 3602 1164 3691 σφενδάμνινοι.

431 3725 529 3789 ἔπειτ’
542 3727 702 3807 ἀνέκραγον
723 3724 838 3795 πάντες,
885 3720 908 3786 ἀ
929 3725 1104 3805 μιαρώτατε,

364 3866 365 3870 ’
432 3839 565 3910 σπονδὰς
586 3819 683 3919 φέρεις
705 3845 762 3900 τοῖν
783 3838 921 3917 ἀμπέλων
943 3841 1143 3923 τετμημένων;
1252 3841 1313 3904 183

432 3953 491 4023 ’κάς
507 3952 577 4022 τούς
599 3955 743 4033 τρίβωνας
767 3951 947 4031 ξυνελέγοντο
970 3958 1028 4013 τῶν
1050 3955 1154 4017 λίθων.

309 4134 317 4138 ,
432 4064 485 4147 ἐγώ
509 4066 536 4128 d'
559 4053 690 4145 έφενγον.
716 4064 746 4125 οἳ
770 4064 797 4125 δ’
822 4069 944 4126 ἐδίωκον
966 4064 1096 4146 κάβόων,

276 4181 340 4246 vini
356 4181 481 4266 scilicet
504 4188 608 4247 utrem
632 4181 842 4258 insectantes,
868 4199 961 4261 quem
986 4180 1197 4261 Amphithcus
1221 4185 1383 4263 tamquam
1397 4180 1545 4246 induti»

275 4279 387 4374 arum,
417 4313 496 4376 quas
519 4294 650 4359 fecisset
673 4309 744 4358 cum
780 4292 1055 4370 Lacedaemoniis,
1087 4272 1211 4372 signum
1241 4312 1350 4358 secum
1381 4293 1523 4361 ferebat.

276 4408 365 4486 Quae
389 4409 492 4473 omnia
514 4406 746 4487 intelleguntur
769 4424 808 4468 ex
838 4406 901 4469 dno
933 4404 1085 4470 vocabulo
1120 4404 1255 4474 σπονδὰς
1288 4408 1320 4472 in
1358 4426 1421 4472 vss.
1458 4407 1523 4474 178
1552 4492 1554 4497 Ι

276 4525 312 4584 et
345 4518 419 4600 1833
452 4517 568 4599 σπονδή
602 4519 696 4597 enim,
731 4524 768 4582 ut
797 4519 877 4582 bene
901 4517 981 4582 vidit
1002 4517 1074 4583 Alb.
1097 4518 1284 4602 Muellerus,
1320 4520 1521 4601 libationem,

275 4637 405 4694 annotat
425 4633 566 4698 indutias
590 4629 779 4713 significant.
814 4629 939 4710 Duplex
956 4635 1023 4694 'est
1044 4630 1143 4710 igitur
1164 4631 1258 4698 huius
1282 4633 1369 4698 vocis
1392 4651 1521 4720 seusus.

380 4747 523 4812 Alterum
546 4734 713 4826 ambiguae
739 4744 823 4809 vocis
858 4741 989 4807 afferam
1025 4740 1206 4808 eNubium
1228 4745 1378 4825 parabasi
1407 4763 1519 4810 exem·

161 4880 170 4888 “
275 4859 371 4942 plum.
405 4859 652 4942 ln·Eupolideis
685 4858 748 4921 illis
773 4855 919 4921 versibus
942 4874 964 4920 a
983 4853 1047 4917 518
1071 4873 1175 4936 usque
1210 4857 1251 4920 ad
1284 4857 1360 4937 562,
1399 4857 1520 4937 quibus

272 4972 507 5060 ¹Aristophanes
528 4972 705 5054 spectantis
727 4968 994 5052 populigratiam
1017 4966 1078 5031 sibi
1095 4969 1264 5034 conciliare
1281 4969 1402 5050 studet,
1425 4976 1520 5052 post·
1582 5037 1585 5052 ,
