3172 5820
836 581 878 648 36

781 671 934 693 ·····-·-†-

239 753 361 827 άσπίοα,
385 750 403 835 ἡ
426 752 516 824 denia
539 758 650 817 ἑκοῦσά
671 753 705 816 τὰ
730 759 829 836 γῆρας,
862 756 920 822 sed
943 773 1025 836 quae
1055 755 1206 836 leguntm
1240 755 1325 836 apud
1358 741 1490 837 Aristo.

237 869 389 953 phanem:
412 872 502 947 γῆρας
525 868 610 938 ἐκδὺς
633 919 640 933 .
664 920 672 934 .
697 919 704 934 .
729 919 736 934 .
761 867 890 949 ἐκφυγών
912 865 966 948 τὴν
1000 866 1114 928 ἀσπίδα
1144 867 1363 934 doctissimum
1392 869 1484 952 illum
1548 943 1552 953 Ι

241 980 535 1063 secretissimumque
559 981 694 1047 Gallum
724 984 856 1066 opipare
879 981 1074 1048 fefellerunt.
1108 981 1245 1046 Tantum
1275 982 1358 1046 enirn
1380 983 1480 1079 abest,
1533 987 1540 1007 ⁴
1569 956 1584 987 ”

240 1102 275 1162 ut
296 1093 410 1156 άππιόα
432 1096 499 1161 illic
522 1096 643 1178 duplici
667 1098 796 1164 notione
819 1097 939 1163 dictum
964 1098 1018 1178 sit,
1041 1095 1203 1174 utside
1227 1101 1379 1178 serpente
1400 1105 1487 1174 velp-

240 1209 391 1292 cogitarc,
413 1214 510 1275 totus·
527 1215 638 1275 careat
663 1211 842 1276 versiculus
865 1229 973 1276 sensu.
999 1209 1091 1289 Quod
1112 1208 1344 1274 detrimentum
1367 1229 1405 1276 ue
1428 1234 1484 1284 aa·
1532 1253 1573 1336 Ἠ

192 1360 194 1364 v
239 1329 355 1406 perant
376 1324 603 1406 Aristophanis
627 1325 752 1406 laudes,
783 1324 815 1390 in
838 1314 1158 1406 Aristophanicorum
1189 1323 1329 1388 virorum
1353 1322 1477 1396 civitate
1538 1364 1584 1441 ω,

242 1437 389 1503 consules
413 1436 579 1503 debebant
600 1437 788 1520 provideret
1541 1489 1584 1550 W

341 1549 599 1632 Reperiebantur
630 1550 781 1616 etiama
814 1550 881 1616 vv.
915 1549 985 1614 DD.
1006 1548 1160 1614 nonnulli
1194 1548 1368 1614 verborum·
1392 1551 1489 1620 lusus
1548 1599 1584 1661 ω.

242 1663 275 1728 in
298 1662 646 1746 Thesmophoriazusis,
671 1663 771 1729 veluti
794 1663 826 1727 in
849 1680 912 1728 uss.
936 1661 1119 1741 Adii-Aet
1143 1661 1314 1746 quisunt:

393 1776 466 1844 τέως
488 1775 541 1854 μὲν
564 1767 616 1836 οὖν
639 1772 702 1836 ἀλλ’
726 1770 883 1856 ἡμικάκως
900 1772 1080 1856 ἐβοσκόμην·

395 1893 444 1950 νῦν
467 1888 495 1949 d'
520 1881 607 1958 οὗτος
630 1892 660 1950 ἐν
681 1895 777 1950 ταῖσιν
799 1891 975 1975 τραγῳδίαις
997 1893 1094 1950 ποιῶν
1135 1922 1137 1928 ·
1210 1936 1211 1941 1

394 2001 468 2072 eosic
490 1998 603 2078 ἄνδρας
624 1999 815 2064 ἀναπέπεικεν
838 1999 892 2094 οὖα
912 1999 985 2062 εἶναι
1001 1999 1110 2071 θεούς·

395 2113 465 2178 ὥστ’
490 2113 584 2180 οὐκέτ’
607 2118 780 2194 ἐμπολῶμεν
803 2113 867 2176 οὐδ’
891 2120 930 2185 εἰς
952 2109 1051 2196 ἥμισυ,

243 2231 358 2327 quinus
381 2232 415 2297 in
438 2230 585 2296 versibus
608 2235 645 2294 ω
668 2225 819 2309 ἡμικάκως
841 2229 920 2296 inuu
942 2234 1056 2296 contra
1071 2231 1270 2297 nicaenum
1287 2215 1535 2307 aasentias,

243 2321 371 2414 adusta
392 2340 483 2424 ἡμισα
506 2344 576 2409 voci
599 2342 645 2408 illi
669 2340 818 2422 ἡμικάκως
842 2345 1023 2425 oppositum
1048 2362 1122 2409 esse
1153 2345 1235 2410 dixit
1266 2345 1299 2412 F.
1323 2345 1470 2431 unua
1495 2379 1539 2391 -

243 2457 358 2523 schius.
384 2458 445 2524 Gui
467 2455 535 2523 viro
558 2457 737 2540 praeclaro,
757 2475 952 2539 *quamquam
985 2477 1067 2540 quae
1102 2458 1280 2541 disputavit
1314 2460 1355 2525 de
1386 2460 1543 2527 forma

244 2568 395 2650 ἡμικάκως
417 2570 512 2653 plane
537 2570 708 2650 assentior,
748 2576 857 2635 tamen
887 2570 1005 2652 inquo
1040 2571 1119 2636 dicit
1152 2572 1265 2639 ludere
1300 2573 1350 2640 his
1381 2576 1467 2661 uerbi
1480 2592 1544 2636 ε

243 2684 500 2767 Aristophanem,
525 2682 621 2751 fidem
646 2703 709 2748 nou
732 2682 845 2749 habeo.
869 2683 950 2748 Nam
972 2684 1035 2748 nisi
1060 2683 1144 2749 forte
1168 2690 1261 2766 putat
1276 2687 1395 2768 aliquis
1417 2705 1546 2755 ear-1

243 2797 420 2877 mulierem,
445 2816 533 2880 quae.
551 2793 822 2876 οοῐοιιὴμικάκως
855 2796 953 2863 vitam
977 2799 1246 2876 sustentavisset,
1276 2805 1393 2882 postea
1413 2818 1546 2867 ver-r

243 2932 285 2979 ue
298 2912 469 2981 -dimidiam
495 2908 624 2994 quidem
649 2911 838 2990 corollarum
861 2916 987 2993 partem
1023 2902 1234 2994 uendidisset,
1258 2913 1546 2996 significantes-a

245 3046 282 3092 se
304 3045 346 3092 ne
369 3031 517 3109 quartam
541 3025 681 3108 quidem,
717 3045 779 3107 quo
809 3025 849 3100 ad
878 3026 1051 3093 vivendum
1087 3046 1167 3109 opus
1200 3032 1300 3108 esset,
1335 3033 1545 3109 quaestus

245 3143 371 3225 partem
393 3140 504 3205 labore
527 3157 586 3204 suo
610 3138 671 3218 sibi
694 3139 841 3221 potuisse
857 3158 984 3224 parare,
1010 3159 1074 3205 uon
1090 3139 1136 3220 fit„
1161 3145 1196 3206 ut
1215 3140 1324 3205 verbis
1341 3137 1514 3219 ἡμικάκιι
1533 3164 1546 3210 ς

246 3260 281 3320 et
303 3250 393 3334 ἡμισκ
415 3253 535 3320 lusisse
558 3252 806 3334 Aristophanem
829 3252 982 3320 dicamus.
1007 3253 1143 3320 Tantum
1167 3271 1243 3318 vero
1266 3253 1370 3332 abest,
1390 3253 1478 3318 utd
1505 3275 1543 3321 <a

248 3371 364 3450 quarta
386 3367 442 3431 illa
463 3365 569 3439 uictus
592 3369 685 3447 parte
708 3365 879 3448 quidquam
904 3365 1073 3449 cogitatur,
1098 3373 1134 3432 ut
1157 3366 1208 3432 vix
1230 3367 1301 3448 ipse
1323 3366 1401 3432 mihi
1416 3385 1541 3450 pet-2

248 3481 401 3548 suadeam
423 3486 489 3545 tam
512 3478 672 3560 insignem
685 3477 1084 3560 Thesmophoriazusarum
1102 3474 1315 3562 interpretem
1339 3481 1379 3549 in¹
1394 3480 1540 3550 istutn
1582 3548 1584 3553 ,

249 3613 390 3660 errorem
414 3592 558 3658 incidere
582 3591 736 3674 potuisse,
760 3593 954 3673 praesertim
978 3610 1050 3657 cum
1071 3611 1177 3675 neque
1206 3590 1355 3673 ἡμικάκως
1378 3593 1537 3663 similis

249 3706 406 3791 praesidii
428 3706 574 3788 indigeat
612 3711 646 3770 et
677 3704 776 3771 totius
811 3704 873 3772 loci
908 3706 1072 3772 sententia
1105 3699 1171 3772 tam
1194 3707 1346 3789 simplex.
1363 3713 1536 3790 tamque

248 3821 343 3905 plana
366 3822 417 3900 sit,
441 3826 478 3886 ut
501 3819 712 3902 explicatione
734 3816 830 3883 facile
854 3803 1133 3901 supersedeamus.
1157 3820 1223 3885 Iam
1247 3822 1384 3904 pridem·
1402 3821 1532 3890 :eninr

251 3936 392 4019 quinque
417 3935 591 4000 liberorum
615 3938 719 3998 mater
742 3933 862 3997 misere
885 3932 1026 4013 vixerat;
1062 3940 1176 4016 postea
1198 3936 1292 4017 peius
1323 3935 1424 3999 etiam
1448 3954 1531 4002 fle

250 4050 398 4116 habebat.
422 4048 506 4140 Quid
528 4046 768 4130 praeterhac?
802 4046 939 4112 Ubinam
971 4047 1060 4112 lusus
1085 4046 1179 4112 iste?
1213 4047 1283 4113 Non
1321 4053 1382 4131 est,
1418 4048 1472 4113 mi
1482 4050 1529 4115 lii
1583 4128 1584 4136 ἡ

253 4164 358 4243 crede,
381 4168 437 4229 aut
459 4162 487 4228 si
511 4166 578 4243 est,
593 4159 808 4242 Aristophane
833 4165 904 4224 erat
925 4159 1087 4242 indignus.
1583 4155 1584 4191 l

192 4323 196 4329 -
269 4345 272 4349 ,
355 4276 551 4360 Irnplieaticr
574 4273 720 4358 quaestio
745 4278 794 4340 est
819 4275 859 4340 de
883 4273 1009 4339 Thesm.
1031 4293 1076 4340 vs.
1101 4273 1184 4338 012:

395 4382 439 4451 ’ὦ
462 4388 579 4473 χρόνιος
601 4386 698 4450 ἐλθὼν
721 4391 774 4468 σῆς
797 4384 951 4465 δάμαρτος
974 4390 1008 4458 ἐς,
1025 4388 1120 4469 χέρας.
1473 4452 1479 4457 ,

358 4506 404 4594 Ac
425 4505 472 4570 sic
495 4504 625 4586 quidem
647 4503 699 4569 hic
722 4521 834 4571 versus
858 4503 891 4567 in
915 4501 1120 4581 editionibus
1157 4522 1236 4584 quas
1264 4503 1411 4584 =quidem
1426 4480 1514 4583 ipsi

254 4618 391 4702 inspexi,
414 4618 560 4685 omnibus
583 4616 712 4698 legitur.
737 4616 813 4683 cod.
837 4621 946 4683 autem
969 4617 1051 4698 Aug.
1084 4617 1245 4701 scriptura
1276 4621 1327 4681 est
1351 4612 1511 4705 ἐσχάραις

256 4735 350 4800 Banu.
368 4733 464 4798 lunts
474 4752 518 4797 ex
534 4731 612 4798 Urb.
624 4731 706 4797 libro
729 4751 769 4797 m.
787 4750 811 4795 s.
830 4730 976 4798 exhibuit
992 4733 1021 4799 ἐς
1034 4726 1137 4812 palona.
1153 4731 1198 4797 <In
1213 4730 1402 4795 Rauennate
1417 4729 1505 4824 aad„

255 4849 284 4918 si
295 4847 433 4930 ,quidem
449 4845 473 4916 l.
489 4845 643 4913 Behkero
658 4845 752 4912 tidcrn
770 4843 936 4924 habemus,
954 4847 982 4911 a·
998 4844 1084 4924 χέρας
1102 4844 1221 4925 legitur
1234 4845 1279 4926 (in
1295 4864 1324 4908 v.
1341 4842 1503 4927 912);.sic

258 4963 342 5029 enim
366 4961 422 5026 ille
445 4960 553 5044 tacite
570 4959 680 5025 edidit.
705 4957 906 5043 Iuvernizius
929 4962 1040 5027 autemv
1059 4957 1101 5025 ad
1124 4974 1170 5023 vsi
1194 4955 1258 5023 aie
1280 4954 1387 5041 ,(910)
1417 4954 1502 5027 haec
