3172 5820
836 641 855 721 8

412 817 440 895 ἰ
465 880 472 898 .
497 878 503 892 .
528 882 535 896 .
559 835 599 900 είς
622 828 749 908 ε’μαυτδν
771 832 821 891 καί
844 837 897 891 τὸν
920 828 984 890 υἱὸν
1006 833 1124 897 τουτονὶ

431 943 475 1005 ar’
499 942 672 1024 εὐτυχίαισιν
695 941 801 1020 ᾀστέον
823 942 1021 1024 μούγκώμιον·
1124 1010 1129 1018 ,

414 1055 528 1136 ,μάκαρ
551 1048 573 1116 ολ
596 1058 889 1136 Στρεψίαδες,

429 1167 520 1238 αὐτός
541 1167 566 1229 τ’
591 1166 672 1249 abac,
695 1169 735 1240 ως
759 1168 865 1251 σοφός,

429 1279 511 1364 χοῖον
532 1277 585 1343 ada
608 1279 671 1342 υἱὸν
692 1269 837 1362 τρέφειςὶ.
862 1333 869 1348 .
894 1329 900 1342 .

327 1418 370 1486 Et
392 1426 499 1487 tamen
529 1440 624 1503 quam
655 1420 772 1489 festiva
798 1421 832 1485 in
865 1423 1022 1488 nobiliore
1056 1423 1116 1488 hac
1149 1423 1251 1490 forma
1285 1430 1337 1489 est
1371 1425 1476 1512 insita

116 1571 124 1577 -
223 1531 376 1604 dulcedo!
482 1560 486 1567 ¹

330 1651 430 1728 Quam
451 1650 559 1734 lepide
583 1649 762 1715 Mercurius
787 1650 820 1714 in
843 1648 936 1714 Pacis
960 1667 1023 1713 vss.
1048 1648 1113 1712 214
1132 1648 1230 1712 -215,
1258 1650 1405 1716 Lacones
1429 1652 1474 1715 de

225 1765 340 1830 Atticis
363 1764 532 1846 loquentes
555 1762 647 1828 faciti

428 1878 474 1936 ναί
497 1873 538 1937 τω
561 1873 625 1950 σιώ,
647 1881 697 1937 νῦν
720 1873 868 1936 Ἀττικίων
890 1872 978 1935 δώσει
1002 1878 1096 1940 δίκαν.

427 1994 452 2050 εἰ
474 1988 501 2048 δ’
525 1982 564 2050 αὖ
586 2012 614 2050 τι
636 1986 773 2066 πράξαιτ’
798 1986 919 2069 α’γαθδν
941 1988 1124 2050 ἁττικωνικοί

425 2098 565 2164 adibam
590 2106 617 2163 ολ
640 2101 914 2182 Λάκωνεςειῗρὴνης
938 2104 1013 2181 πίρι,

427 2216 530 2295 ἐλέγετ’
556 2212 591 2277 lb
614 2216 693 2295 ὑμεῖς
717 2262 884 2283 ......

290 2363 292 2368 ·
324 2329 427 2412 Magis
451 2349 526 2396 vero
551 2332 649 2395 etiam
681 2349 720 2394 ex
753 2330 804 2409 iis,
837 2327 1012 2412 quae'ipse
1043 2329 1133 2394 finxit
1163 2324 1268 2412 po'a'ta,
1300 2331 1470 2397 vocabulis

176 2468 180 2472 ·
219 2444 397 2528 apparebit,
422 2445 506 2526 quod
528 2443 623 2528 paulo
646 2449 722 2508 ante
746 2445 786 2508 de
810 2449 878 2509 toto
901 2444 960 2508 hoc
983 2461 1103 2524 genere
1127 2444 1376 2509 disserebamus,

321 2558 402 2622 Nam
425 2558 470 2636 Si,
502 2576 580 2640 qll08
605 2556 1013 2638 σοιραγιδονυχαργοκοαήτας
1037 2558 1131 2639 (Nub.
1156 2557 1244 2642 332),
1275 2538 1477 2653 pulchellosd

218 2688 296 2754 quos
333 2670 708 2749 κωδωνοφαλαροπώλους,
762 2667 1146 2751 σαλτιγγολυγχυτιηνάδας,
1194 2685 1470 2749 ’σαρκασμοπιτυο-

216 2782 353 2863 napuras
376 2784 467 2863 (Rau.
500 2783 697 2863 963---966),
720 2771 1004 2879 gloriososflquem
1035 2783 1209 2848 nominavit
1239 2805 1469 2862 κυμινοπριστο-

214 2895 462 2977 καρδαμόγλυουν
496 2898 604 2978 (Vesp.
635 2897 741 2981 1357),
765 2899 900 2963 dixisset
927 2885 1136 2984 tenacem,isi
1159 2916 1218 2978 pro
1242 2916 1281 2962 eo
1304 2897 1384 2976 cibo,
1410 2898 1495 2979 qui.

215 3011 249 3076 in
269 3008 394 3076 Eccles.
420 3029 482 3075 ves,
504 3010 716 3074 litt-1174
740 3017 872 3076 vocatur
893 3009 1133 3090 λεπαδυτίμαχος
1156 3000 1469 3095 οελαχογαλεοκρανιο-

213 3125 1469 3205 λειψανοδριμυυοτριμγιατοσιλιγιοταραομελιτοκατακεχυμενοκιχλετιικοσουφοιγιατ-

213 3233 1469 3317 τοτιεριστεραλεκτρυουοπτεκεφαλλιοκιγκλουιλειολαγωοσιραιοβαφητραγανοατερί-

214 3371 284 3429 mv,
308 3350 442 3415 minutal
466 3350 595 3431 aliquod
618 3349 726 3414 afferri
746 3350 909 3430 jussisset,
939 3348 1154 3428 αερικομμάτιιί
1176 3372 1240 3410 τινα
1263 3350 1315 3416 vel
1337 3323 1475 3443 Similia]
1559 3410 1561 3415 ,

214 3482 232 3528 e
256 3463 395 3544 sublimi,
430 3465 484 3545 qui
506 3469 634 3545 politam
657 3463 768 3546 decet,
803 3464 871 3529 loco
899 3464 938 3529 ad
962 3463 1123 3529 forensem
1145 3464 1234 3528 illum
1257 3464 1467 3551 ieiunumque

212 3594 392 3642 sermonem
416 3578 647 3643 descendisset.

318 3690 441 3769 Quibus
464 3692 498 3755 in
521 3692 599 3756 iocis
624 3692 815 3756 denotandis
847 3711 916 3756 cum
948 3690 1142 3756 scholiastae
1176 3698 1232 3758 aut
1265 3692 1466 3778 generaliter

212 3808 336 3866 tantum
361 3804 458 3869 verbo
482 3802 582 3874 παίζει
611 3810 667 3869 aut
697 3806 806 3870 addito
831 3802 1033 3882 etiam-nopai
1056 3800 1107 3883 την
1131 3802 1287 3883 ἀναλογίαν
1318 3805 1464 3890 utantur,

211 3894 285 3981 raro
309 3916 449 3996 denique
474 3916 514 3980 ad
537 3916 612 3980 ficta
635 3918 790 3998 quaedam
814 3918 942 3982 nomina
964 3919 1053 3982 velut
1074 3919 1115 3982 ad
1139 3911 1161 3977 ὦ
1185 3918 1343 3998 Μαριλάδη
1368 3918 1464 4002 (Aah.
1494 3913 1530 3974 υίι
1544 3889 1560 3929 ’¹'

213 4027 290 4113 609)
314 4035 479 4108 annotent,
503 4049 567 4111 qua
590 4049 607 4095 e
633 4022 862 4112 radice‘poo'ta
884 4031 1071 4096 vocabulum
1094 4029 1346 4114 deprompserit:
1370 4040 1463 4111 παρε-

210 4143 316 4221 ποίησε
338 4151 372 4202 τι
398 4138 495 4221 ὄνομα
518 4141 577 4203 ἀπὸ
604 4141 670 4229 (τῆς
694 4146 851 4220 μαρίλης),
887 4144 928 4207 ad
961 4143 1098 4208 alterum
1121 4143 1242 4225 harum,
1279 4154 1463 4228 quaesunt

210 4255 242 4317 in
265 4255 384 4337 verbis,
409 4254 598 4320 facetiarum
621 4275 724 4336 genus
747 4250 994 4337 procedemus.>

308 4366 379 4450 Ι(2.)
394 4369 431 4433 ln
449 4387 511 4450 quo
528 4369 656 4450 quidem
673 4388 711 4434 ea
728 4371 932 4434 continentur
947 4370 1110 4450 uocabula,
1128 4391 1210 4454 quae
1224 4373 1460 4456 Aristophanes

213 4481 278 4546 alio
303 4500 401 4546 seusu
424 4485 463 4548 ab
486 4482 560 4547 aliis
585 4491 738 4566 usurpata
761 4485 801 4548 ad
825 4503 880 4551 eas
904 4503 958 4549 res
981 4484 1133 4567 applicat,
1165 4485 1205 4549 ad
1238 4504 1318 4567 quas
1342 4505 1459 4552 secun-

212 4595 287 4658 dum
310 4594 462 4676 loquendi
486 4615 628 4660 uoruram
652 4616 712 4662 usu
736 4604 894 4662 sacratam
918 4616 980 4667 nou
1005 4596 1110 4661 solent
1140 4599 1314 4680 pertinere.
1348 4600 1460 4667 Habes

209 4705 392 4789 exemplum
422 4709 455 4772 in
478 4708 555 4773 Ach.
579 4727 642 4773 VSS.
668 4708 857 4772 679--68m
881 4709 1017 4789 γέροντας
1042 4759 1048 4773 .
1073 4760 1080 4774 .
1106 4759 1112 4773 .
1137 4756 1143 4768 .
1167 4708 1288 4789 κωφοδς
1310 4714 1359 4772 καί
1380 4736 1466 4792 ,κταρ

111 4890 114 4895 ,
203 4818 425 4898 ἐκλελυμένους
472 4818 519 4879 Ἐκ
546 4826 735 4897 μεταφορᾶς,
767 4822 812 4886 ait
836 4821 1023 4899 scholiasta,
1054 4826 1113 4882 τῶν
1135 4824 1267 4884 παλαιῶν
1290 4823 1387 4884 adicio
1409 4827 1461 4886 καί

207 4926 338 5012 υίχρείων.
375 4935 480 5011 κυρίως
511 4930 567 5012 γοὶρ
602 4933 848 5014 ταρεξηολῆσθαι
877 4936 1007 5014 λέγονται
1041 4935 1125 4997 αὐλοὶ
1157 4941 1184 4997 oi
1216 4935 1270 5005 τὰς
1291 4940 1459 5016 γλωσσίδας

209 5043 420 5125 διερρηγμένου,
