3172 5820
846 663 1002 764 *u-

291 809 483 920 *puisquam
509 838 696 905 Certissima
720 841 805 905 enim
829 841 974 922 exemplo
998 841 1087 908 etin
1112 859 1174 922 quo
1199 838 1387 921 explicando
1414 835 1550 920 *minima

303 949 389 1016 foret
418 951 631 1035 interpretum
669 953 839 1034 dissensio,
874 955 998 1020 utebar.
1038 954 1131 1018 Multi
1163 972 1239 1018 vero
1264 958 1340 1017 sunt
1374 953 1463 1016 inter
1495 968 1549 1015 eos

302 1081 424 1144 versus,
454 1083 591 1147 ‚quorum
626 1067 691 1132 vim
726 1072 760 1132 et
798 1068 942 1150 leporem
978 1065 1044 1134 VV.
1068 1067 1137 1132 DD.
1172 1067 1204 1130 in
1234 1066 1404 1130 verborum
1428 1064 1549 1129 lusibus

302 1180 439 1260 positam
463 1197 537 1244 esse
558 1186 763 1263 putaverunt,
788 1201 867 1265 quos
900 1189 955 1248 aut
991 1193 1105 1263 neges·
1126 1198 1200 1246 esse
1230 1180 1399 1258 ioculares
1438 1183 1496 1243 aut
1517 1178 1549 1242 in

303 1291 467 1374 quodlibet
488 1293 692 1392 ridiculorum
715 1312 816 1378 genus
840 1295 931 1362 malis
955 1296 1123 1363 coniicere.
1144 1294 1166 1381 ¹)

896 1489 952 1555 111.

415 1642 554 1751 Quorum
578 1670 747 1736 nonnullos
771 1672 917 1737 tractabo
940 1671 1102 1756 deinceps.
1141 1673 1189 1739 Ad
1212 1674 1308 1757 Vesp.
1331 1690 1396 1738 rss.
1420 1673 1550 1738 9-12:

302 1786 384 1844 Σωσ.
454 1778 523 1868 cria·
540 1782 603 1844 ἀλλ’
626 1778 718 1853 ῧανος
740 1782 771 1862 μ’
795 1781 916 1866 ἔχοντος
939 1787 969 1844 ἐκ
992 1762 1180 1866 Σαβαζίου.1

302 1895 373 1961 Ξαν,
409 1897 411 1900 ’
454 1896 506 1959 τὸν
529 1896 620 1958 αὐτὸν
642 1893 690 1975 ἄρ’
714 1899 781 1976 ἐμοὶ
803 1900 954 1979 βουκολεῖς
977 1897 1144 1979 Σαβάζιον.

458 2010 548 2090 κάμοὶ
570 2009 626 2091 γάρ
649 2009 756 2089 ἀρτίως
780 2009 1031 2090 ἐπεστρατεύσατο

458 2123 565 2205 Μῆδός
587 2147 631 2194 τις
654 2126 701 2185 ἐπὶ
723 2123 762 2187 τὰ
786 2127 921 2205 βλέφαρα
945 2124 1106 2206 νυστακτὴς
1128 2122 1219 2195 ὕπνος
1242 2129 1301 2192 κτλ.

301 2238 420 2303 haecce
443 2238 467 2304 Ι.
491 2237 662 2304 Richterus
685 2239 868 2304 annotavit:
894 2241 1045 2322 „breona
1067 2239 1164 2305 schol.
1187 2233 1297 2320 ἥαρὸς
1320 2236 1353 2298 τά
1393 2235 1549 2317 Σαβάζιον

304 2348 463 2433 (Διόνυσος
485 2350 655 2434 Thracum)
685 2349 748 2425 εἶαε
778 2353 826 2411 καὶ
857 2343 946 2420 οὗτος
975 2349 1009 2411 τὸ
1034 2353 1153 2430 Μῆδος,
1199 2349 1268 2410 ἀντὶ
1285 2355 1338 2411 τοῦ
1363 2349 1485 2432 ἐχθρός.
1510 2389 1548 2400 -

302 2464 487 2545 Peregrinis
512 2465 596 2538 enim
618 2464 800 2531 nominibus
823 2469 966 2530 utuntur.
999 2465 1117 2530 Verum
1144 2463 1243 2529 eliam
1273 2484 1423 2530 sonorum
1447 2465 1548 2530 lusum

302 2577 355 2642 hic
377 2576 617 2660 deprehendas,
652 2580 744 2660 quasi
767 2575 926 2658 Σαβάζιος
959 2577 1044 2656 sito‘
1077 2575 1171 2640 πολλὰ
1195 2577 1298 2658 βάζον
1329 2585 1363 2644 et
1396 2581 1503 2658 Μῆδος
1532 2578 1547 2640 ὁ

302 2688 479 2770 μηδόμενος.
505 2691 654 2758 Ceterum
683 2692 811 2757 videtur
835 2693 995 2775 posterius
1013 2711 1097 2771 csse,
1127 2699 1276 2774 utsupra
1302 2693 1387 2759 dicto
1414 2690 1546 2771 άτομερ-

304 2808 425 2884 papium
440 2805 644 2888 respondeat.
668 2805 787 2888 Vigilia
808 2805 893 2870 'enirn
917 2806 1089 2887 longinqua
1120 2806 1161 2870 ad
1184 2807 1400 2872 meditandum
1424 2808 1546 2889 pariter

301 2925 399 3001 atque
422 2919 462 2983 ad
486 2919 688 2999 cogitandum
711 2919 950 3000 nutandumque
973 2919 1109 3000 impellit
1133 2925 1333 3002 ααααιοαο.ιι
1367 2920 1457 2999 Quae
1481 2921 1545 2984 alte

247 3089 260 3097 ,,
303 3036 378 3096 sunt
400 3031 503 3120 petita
520 3037 561 3095 et
584 3051 624 3096 ne
648 3033 833 3097 necessaria
872 3032 1010 3115 quidem,
1047 3051 1127 3114 curn,
1160 3051 1242 3115 quae
1280 3034 1473 3099 scholiastae
1509 3033 1548 3097 ad

304 3145 507 3227 explicandos
530 3148 588 3212 bos
610 3165 723 3211 versus
746 3146 933 3227 attulerunt,
957 3147 1128 3213 rideantur
1153 3145 1311 3211 sufficere.

406 3260 581 3326 Annotavit
617 3260 702 3324 idem
741 3259 778 3324 V.
817 3259 854 3323 D.
894 3241 934 3323 ad
969 3260 1116 3324 eiusdem
1152 3259 1279 3324 fabulae
1312 3279 1440 3324 versum
1479 3260 1541 3325 257

301 3369 354 3431 τὸν
376 3370 469 3452 opida
492 3369 591 3449 άστερ
615 3372 742 3452 άτταγᾰς
765 3371 922 3453 τυρβάσεις
937 3373 1071 3452 βαδίζων
1086 3378 1216 3455 praeter
1232 3373 1306 3448 alia,
1332 3392 1414 3455 qnae
1430 3393 1544 3454 magna

303 3506 374 3551 curn
397 3485 556 3551 industria
579 3486 727 3568 collegit:
754 3487 890 3566 „Nostro
913 3487 983 3580 loco
1006 3505 1069 3551 non
1093 3488 1194 3551 solum
1218 3506 1288 3550 cnm
1324 3506 1382 3551 ave
1405 3488 1543 3568 palustri

308 3617 403 3664 senes
427 3604 660 3690 comparantur,
685 3599 741 3663 sed
764 3600 850 3663 inest
865 3617 992 3681 quoque
1008 3617 1157 3663 sonorum
1173 3599 1261 3663 lusus
1285 3597 1414 3678 ἀτταγᾶς
1438 3595 1546 3664 άττα,“

306 3713 396 3791 Quae
419 3711 563 3777 addidit:
590 3712 694 3791 „Quin
724 3713 821 3776 etiam
845 3713 913 3776 avis
938 3717 1149 3793 comparatur,
1174 3712 1257 3794 quod
1283 3730 1378 3775 senes
1403 3714 1549 3778 cruribus

218 3915 220 3918 Ι
307 3825 432 3907 ingredi
455 3805 607 3890 tenuibus
629 3825 734 3889 solent
756 3843 934 3906 gressuque
958 3825 1084 3906 trepido
1115 3830 1213 3906 atque
1248 3824 1405 3903 infirmo,“
1436 3825 1548 3891 lauda-

309 3994 515 4002 ——.--·--———-

377 4134 378 4137 Ἴ
425 4068 514 4139 )lpse
534 4069 613 4122 etiarn
627 4066 805 4121 Romanorum
819 4067 945 4136 loquendi
965 4083 1028 4120 usne
1048 4082 1236 4135 nonnunquam
1256 4067 1311 4120 VV.
1332 4067 1388 4123 DD.
1403 4070 1549 4123 sententias

311 4157 478 4212 obscurabat.
496 4155 604 4209 Utimur
623 4156 693 4209 enim
712 4155 832 4219 ludendi,
851 4154 990 4208 alludendi
1010 4154 1098 4206 verbis
1118 4156 1144 4206 et
1162 4154 1221 4224 ipso
1241 4154 1321 4207 ctiam
1339 4155 1415 4209 luteus
1434 4158 1550 4224 nomine,

304 4245 351 4298 nbi
369 4242 566 4297 nobilissimum
585 4241 672 4308 illum,
699 4258 778 4311 quern
806 4244 852 4294 ant
871 4241 946 4295 verbi
970 4243 1016 4294 aut
1034 4241 1174 4294 verborum
1193 4241 1292 4306 lusum,
1322 4245 1368 4295 aut
1399 4243 1550 4312 simplicem

303 4336 350 4387 aut
368 4316 543 4403 compositum
563 4347 621 4384 esse
640 4333 666 4383 et
685 4333 730 4383 aut
750 4329 885 4396 ambiguis
906 4324 1038 4381 contineri
1057 4328 1146 4382 verbis
1165 4329 1321 4382 dicebamus
1341 4334 1386 4383 aut
1405 4330 1551 4398 similibus,

302 4424 469 4489 nequaquam
488 4417 681 4486 significamus.
708 4416 763 4470 Nec
783 4420 871 4469 tamen
896 4416 953 4470 ulla
979 4417 1040 4469 inde
1060 4416 1195 4470 oriebatur
1223 4418 1381 4471 difficultas.
1408 4419 1476 4472 Nam
1506 4420 1552 4474 ubi

304 4509 335 4562 Α.
347 4506 503 4572 Muellerus,
523 4507 556 4558 ad
571 4505 637 4558 Aeb.
657 4522 694 4558 vs.
714 4505 782 4559 1053
801 4506 827 4557 ἐς
845 4502 895 4554 τόν
914 4501 1074 4569 ἀλάβαστον
1088 4504 1194 4555 κύαθον
1214 4504 1319 4572 εἰρήνης
1338 4505 1383 4554 ἵνα
1402 4506 1552 4568 annotarit:

312 4594 418 4661 ,alludit
436 4595 514 4664 polita
543 4592 568 4646 b.
592 4593 609 4645 l.
635 4594 669 4647 ad
689 4595 832 4659 unguenta,
852 4592 948 4661 quibus
968 4595 1053 4662 sqq.“‚
1077 4593 1119 4646 vel
1138 4592 1167 4645 F.
1187 4592 1218 4645 V.
1244 4590 1410 4646 Fritzschius
1430 4596 1463 4648 ad
1483 4594 1553 4649 Rau.

303 4698 340 4735 vs.
359 4679 410 4734 100
428 4678 531 4747 αἰθέρα
550 4679 617 4732 Λαὶς
636 4677 774 4739 δωμάτιον
795 4674 808 4746 ἢ
828 4677 933 4748 χρόνον
953 4678 1045 4730 πόσαι
1069 4679 1178 4748 „Itaque
1198 4679 1299 4733 iniusta
1332 4683 1356 4732 et
1383 4684 1435 4735 toto
1454 4697 1554 4750 genere

301 4769 394 4824 ieiuna
413 4768 653 4822 videtureensura
664 4767 792 4835 lususque
805 4766 856 4820 iste
870 4765 996 4834 Comici,“
1017 4767 1058 4821 vel
1077 4769 1148 4821 idem
1169 4769 1201 4821 ad
1216 4767 1321 4822 Thesm.
1342 4786 1393 4822 ves.
1415 4769 1554 4824 llll-117

253 4915 257 4925 Ι
302 4856 438 4925 κλῄζουσα
465 4885 498 4896 -
518 4853 683 4921 άλβίζουοαε
716 4853 819 4922 „Etiam
849 4856 939 4910 lusum
957 4858 1040 4911 istum
1059 4859 1169 4928 senique
1194 4856 1400 4911 similitudinem
1431 4858 1554 4912 studiose

271 5007 273 5010 y
302 4945 434 5015 quaesivit
446 4946 604 5015 personatus
617 4942 748 5011 Agatho‘⁴‚
767 4943 821 4998 alia
839 4946 979 5012 quaedam,
999 4962 1050 5000 nou
1069 4945 1254 5000 verborum
1273 4943 1371 4998 lusus
1392 4944 1431 5012 (in
1446 4943 1552 5000 Thesm.

302 5049 338 5088 rs.
357 5031 376 5089 l.
395 5031 568 5105 parechesin)
589 5029 726 5099 designari
744 5029 824 5085 facile
843 5031 1033 5104 intellegimus.
