3172 5820
711 621 866 718 *hm
965 651 971 664 ·

168 815 248 879 quae
264 795 389 860 dixerat
402 795 572 874 isiciarius,
588 814 650 860 nou
666 796 748 859 male
764 795 908 877 quadrat.
933 794 1144 859 Nihilominus
1161 791 1415 874 decipiebamur.

31 881 39 896 ⁸
87 910 90 921 ’
167 909 266 973 Recte
289 908 389 989 igitur
411 907 602 983 scholiastae
626 907 666 972 ad
701 908 839 989 priorem
862 925 989 972 versum
1016 906 1099 969 1174
1121 907 1203 971 haec
1237 909 1415 970 annotave-

166 1027 256 1086 runt:
279 1021 410 1102 ὑπερέχει
426 1040 491 1081 σου·
514 1019 589 1081 Ἀντί
612 1025 663 1080 τοῦ
683 1020 848 1102 ὐπερμαχεῖ
858 1023 906 1080 καὶ
922 1017 1116 1096 ὑπερασπίζει
1133 1041 1198 1084 σου.
1222 1017 1287 1079 ἀντὶ
1304 1017 1340 1077 δὲ
1363 1021 1416 1076 τοῦ

164 1139 250 1195 εἰπεῖν
281 1137 517 1215 περικεφαλαίαν,
541 1131 601 1194 εἴτε
624 1131 741 1214 χύτραν,
766 1132 819 1213 τὴν
842 1132 961 1215 χύτραν·
984 1132 1062 1195 Ἀντί
1084 1138 1137 1193 τοῦ
1162 1137 1251 1192 εἰπεῖν
1275 1139 1370 1213 χεῖρα.

272 1248 342 1326 Qua
364 1267 441 1336 vero
464 1249 498 1312 in
513 1267 549 1312 re
566 1253 662 1329 poeta
677 1266 735 1313 nos
752 1246 916 1325 fefellerit,
939 1267 1002 1313 non
1018 1247 1149 1311 difficile
1167 1251 1219 1312 est
1233 1245 1415 1310 intellectu.

166 1361 293 1426 Etenim
318 1361 345 1424 si
369 1362 505 1427 dixisset
538 1360 670 1440 ὑπερεῖχε
703 1358 755 1439 τὴν
785 1368 878 1442 χεῖρα,
912 1359 1092 1442 significare
1127 1360 1285 1426 voluisset
1320 1378 1413 1441 opem

170 1479 204 1539 et
234 1475 385 1539 auxilium
415 1474 668 1540 Atheniensibus
700 1475 815 1540 tulisse
847 1475 1021 1555 Palladem,
1057 1474 1220 1557 frequenti
1259 1472 1415 1538 videlicet

166 1588 378 1654 translatione
402 1587 592 1660 ususaCum
616 1588 695 1652 dicit
717 1587 849 1670 ὑπερεῖχε
872 1585 923 1668 τὴν
955 1586 1072 1668 χύτραν,
1104 1587 1258 1671 numquid
1274 1590 1413 1669 praeter

166 1702 305 1767 Palladis
329 1703 463 1768 tutelam
480 1702 661 1784 significat?
684 1702 727 1766 ht
749 1721 812 1767 nou
835 1703 940 1768 solent
963 1701 1044 1767 ollae
1067 1702 1108 1766 ad
1130 1702 1283 1767 auxilium
1306 1706 1412 1765 traus-

79 1887 80 1890 ,
165 1815 255 1880 lerril
280 1805 317 1880 ld
340 1817 445 1898 ipsum
469 1821 528 1896 est,
553 1817 586 1880 iu
610 1836 672 1898 quo
696 1817 901 1898 acquiescasl
926 1817 1167 1882 Verbumenim
1192 1816 1291 1881 verbo
1307 1819 1410 1880 muta-

165 1930 274 2008 batur;
299 1929 432 1994 eandem
457 1948 523 1994 rem
555 1925 640 1994 'nova
671 1930 729 1994 sub
755 1929 864 2011 specie
892 1930 996 1995 animo
1032 1928 1291 2008 informabamus,
1324 1947 1361 1992 ac
1384 1929 1409 1993 si

164 2043 235 2124 quis
258 2021 393 2106 eandem
416 2042 574 2124 picturam
597 2042 686 2106 novis
711 2041 881 2122 coloribus
909 2042 1049 2111 inducat,
1075 2042 1228 2124 illustret,
1264 2039 1409 2122 refingat.

166 2155 271 2238 Caput
294 2161 402 2220 autem
426 2155 526 2220 totius
550 2156 597 2218 rei
622 2156 800 2238 permansit
822 2156 906 2220 idem
922 2196 931 2214 ·
950 2156 1041 2234 Quod
1066 2156 1092 2220 si
1115 2157 1162 2221 ita
1186 2160 1247 2237 est,
1281 2155 1314 2219 in
1338 2174 1407 2220 ver·

169 2269 219 2333 his
243 2275 313 2333 erat
337 2269 389 2333 hic
411 2267 500 2334 iocus
524 2269 636 2345 omnia,
661 2286 723 2332 non
747 2269 778 2332 in
803 2270 910 2334 rebus

272 2381 365 2446 Adde
398 2381 577 2464 exemplum
610 2401 628 2446 e
659 2382 767 2446 Bonis.
801 2382 920 2448 Servus
954 2383 1019 2447 illio
1051 2380 1097 2467 (in
1128 2400 1191 2446 vss.
1223 2380 1405 2467 toa-aot)

166 2513 292 2559 sermm
326 2494 498 2575 alloquitur
531 2494 581 2559 his
615 2492 683 2558 fere
718 2495 843 2560 verbis:

320 2600 460 2686 ‹ai-‹horp‘
481 2602 636 2680 Ἄπολλον,
671 2605 784 2686 ἔμβαλέ
804 2631 855 2686 μοι
876 2605 928 2686 τὴν
951 2605 1061 2682 δεξιάν,

319 2722 368 2780 καὶ
391 2719 445 2789 δὸς
459 2717 545 2782 κύσαι
568 2717 677 2790 καύτὸς
691 2718 790 2795 κύσον,
822 2725 872 2782 καί
892 2744 943 2800 μοι
966 2719 1092 2800 φράσον,

318 2830 394 2909 πρὸς
416 2830 497 2913 Διός,
522 2828 556 2902 ὃς
579 2832 646 2913 ἡμῖν
668 2837 745 2894 ἐστιν
768 2833 1073 2919 ὁμομαστιγίας,
1266 2801 1366 2921 mxii
1409 2835 1455 2877 ⁴⁸

320 2949 362 3015 τίς
385 2938 472 3015 οὗτος
496 2942 603 3007 οὕνδον
625 2948 687 3007 ἐστὶ
711 2943 848 3028 θόρυβος
869 2951 930 3010 κτλ..

270 3059 354 3138 Quid
376 3060 570 3126 scholiasta?
609 3059 836 3142 ὁμομαστιγίας,
872 3062 989 3144 inquit,
1025 3058 1125 3138 ὥσπερ
1148 3060 1246 3139 φαμὲν
1269 3063 1406 3137 ἑταιρεῖος

166 3168 243 3243 Ζειίς
264 3176 313 3233 καλ
335 3171 473 3254 ὁμόγνιος
503 3175 550 3233 καὶ
574 3174 683 3243 ίκίσιος
705 3176 752 3234 καί
776 3173 886 3249 ξένιος,
923 3177 970 3234 καὶ
1006 3169 1063 3236 ὅσα
1085 3179 1226 3249 τοιαῦτα,
1261 3167 1339 3236 οὕτω
1361 3175 1406 3237 καλ

166 3263 293 3362 cottana,
327 3287 424 3348 ὁτῶν
447 3285 561 3347 δούλων
583 3286 700 3366 ἔφορος.
740 3289 801 3348 ἐπεὶ
836 3289 869 3348 ὃν)
904 3292 931 3348 oi
960 3291 1062 3350 δοῦλοι
1084 3286 1220 3367 μάστιξιν
1242 3286 1407 3355 ὑπόκεινται

165 3402 214 3461 καί
234 3403 367 3481 πληγαῖς,
389 3400 440 3462 διὰ
462 3382 550 3462 τοῦτο
574 3400 790 3481 ὁμομαστιγίας
806 3397 893 3475 εἶπεν,
917 3398 936 3480 ἢ
959 3400 1140 3481 βουλόμενος
1156 3407 1255 3475 tiara,
1280 3398 1313 3472 ὃς
1335 3401 1409 3481 ἡμᾶς

164 3518 215 3574 νῦν
231 3513 367 3595 ειῖςήχαχε,
390 3513 542 3585 παίζων
557 3512 641 3591 παρ’
665 3511 857 3575 ὑπόνοιαν
879 3512 956 3575 εἶπεν
973 3506 1196 3595 ὁμομαστιγίας.
1224 3514 1407 3581 Assentitur

165 3629 265 3710 priori
288 3629 491 3711 explicationi
514 3629 687 3693 scholiasta
710 3630 808 3693 alter:
836 3625 957 3698 Ἄλλως,
991 3628 1056 3689 ἀντὶ
1078 3633 1131 3690 τοῦ
1155 3633 1245 3689 ποιεῖν
1268 3625 1406 3708 ὁμόγνιος

167 3742 221 3818 (ὡς
243 3740 417 3819 ἔμπροσθεν
440 3738 457 3823 ἢ
481 3739 670 3822 ὁμάὸελρος)
694 3741 771 3804 εἶπεν
794 3742 1017 3824 ὁμομαστιγίας,
1043 3736 1107 3803 οἷον
1130 3739 1306 3820 ὁμόδουλος.

278 3856 449 3935 Xanthiam,
473 3857 605 3940 Dionysi
630 3876 721 3939 puer,
747 3876 816 3922 cum
840 3860 956 3937 Aeaeo,
980 3858 1034 3940 qui
1058 3858 1159 3932 etiarn
1187 3856 1273 3921 servi
1298 3874 1407 3938 perso-

167 3987 240 4034 nam
253 3969 330 4050 agit,
355 3969 669 4059 colloquens,lovenr
686 3971 867 4035 obtestatus
885 3976 965 4050 erat,
981 3970 1099 4052 quippe
1115 3969 1169 4052 qui
1186 3974 1291 4034 semet
1304 3968 1408 4050 ipsum

167 4085 201 4146 et
225 4088 403 4147 consortem
427 4069 514 4148 illum
536 4082 711 4148 inferorum
742 4085 911 4149 ianitorem
943 4089 1099 4147 tueretur.
1133 4076 1407 4172 Exspectabamus

166 4194 265 4275 igitur
287 4195 479 4261 adiectivum
511 4216 529 4260 e
562 4197 669 4262 radice
706 4196 765 4275 ὁμο
800 4198 1008 4279 compositum
1044 4203 1078 4262 et
1108 4198 1211 4262 altero
1245 4197 1408 4275 vocabulo,

166 4310 250 4389 quod
272 4309 314 4373 ad
337 4328 451 4374 vernas
475 4310 664 4391 pertineret.
691 4310 760 4387 Qua
783 4294 876 4374 inre
909 4315 1005 4392 poeta
1039 4310 1154 4375 festive
1189 4328 1248 4374 uos
1270 4304 1407 4392 decepit.

168 4423 387 4489 Verberouem
411 4425 496 4489 enim
520 4424 611 4504 dixit,
635 4444 698 4489 non
722 4443 858 4489 servum.
896 4424 986 4502 Quod
1009 4424 1037 4489 si
1061 4443 1175 4488 nomeu
1199 4423 1409 4505 praetulisset

93 4619 96 4624 Ι
165 4537 341 4619 honestius
367 4537 553 4602 evanuisset
575 4537 675 4602 totius
698 4537 752 4600 ille
776 4537 927 4602 versiculi
951 4538 1051 4619 lepos.

269 4649 340 4713 Non
364 4669 458 4714 secus
483 4650 581 4714 etiam
603 4649 802 4730 Megarensis
826 4650 881 4714 ille
905 4649 937 4712 iu
959 4648 1212 4715 Acharneusium
1235 4648 1343 4714 fabula
1366 4649 1408 4724 id,

166 4762 250 4845 quod
271 4763 397 4827 iamiam
414 4768 487 4826 erat
500 4762 655 4842 dicturus
678 4768 814 4843 repente
837 4763 1050 4827 commutavit.
1074 4762 1204 4828 Filiolas
1225 4761 1309 4825 enim
1335 4781 1410 4826 suas

166 4893 222 4958 pro
257 4873 405 4957 porcellis
440 4874 628 4939 venditurus
661 4876 742 4940 haec
775 4875 830 4939 ille
865 4875 1044 4957 interrogat
1070 4877 1103 4940 in
1128 4895 1191 4940 uss.
1217 4873 1410 4938 733-734:

372 4984 583 5066 ἀκούετονιλὴ,
607 4985 737 5070 ποτέχετ’
763 4990 824 5067 ἐμὶν
846 4986 1063 5067 QQMQI
1095 5052 1098 5057 ⁴
1380 4985 1383 4991 '

373 5098 485 5181 πότερα
507 5108 683 5179 πεπρᾶσθαι
705 5099 852 5184 χρῄδδετ’,
877 5100 896 5183 ἢ
919 5106 1017 5180 πεινῆν
1040 5105 1148 5179 κακιῦς;
