3172 5820
867 639 906 703 18

270 818 467 885 tissimomm
490 814 811 896 doctissimorumque
834 815 973 880 virorum
995 812 1122 879 nomina
1145 813 1338 890 enumerari,
1359 829 1421 878 nec
1444 829 1517 891 gra-

269 932 416 998 vissimas
439 929 620 995 sententias
643 928 761 993 iudicio
792 947 864 995 meo
896 926 1093 1009 comprobari
1128 927 1316 1007 cuiusquam
1350 926 1517 990 interesse

153 1100 160 1112 .
270 1043 432 1126 putabam.
464 1042 579 1112 Multo
595 1059 671 1121 vero
696 1040 794 1108 etiam
816 1041 932 1121 minus,
967 1040 1083 1123 quibus
1105 1040 1165 1117 illi,
1199 1045 1236 1104 nt
1256 1058 1361 1122 nuper
1385 1039 1516 1105 demum
1544 1072 1549 1082 ·

270 1155 413 1222 Evaldus
435 1155 575 1233 Becker,
592 1153 619 1236 ¹)
642 1153 814 1220 adiuvante
837 1155 931 1236 longo
953 1153 1067 1220 horum
1090 1153 1267 1219 studiorum
1299 1170 1359 1218 usu
1383 1169 1518 1235 operam

270 1269 430 1335 dederunt
448 1268 564 1348 enixe,
600 1285 682 1350 quae
713 1252 955 1350 explicaverunt
988 1267 1180 1346 definiendo,
1216 1267 1345 1350 copiose
1379 1264 1517 1331 dicendo

270 1386 582 1463 ornaveruntque
609 1383 771 1450 acerrimo
803 1382 942 1466 praediti
974 1381 1094 1463 ingenii
1125 1382 1270 1447 acumine
1303 1382 1337 1446 in
1371 1381 1518 1447 ordinem
1576 1430 1578 1434 a

269 1495 485 1576 digesserunt
509 1494 666 1576 exemplis
689 1496 920 1574 instruxerunt,
945 1493 1163 1571 firmaverunt,
1199 1496 1297 1561 tutati
1329 1500 1417 1575 sunt,
1442 1513 1517 1560 con·

270 1608 376 1677 futare
399 1589 498 1691 p‘osse
517 1609 566 1674 his
583 1610 695 1690 paucis
711 1609 787 1674 milri
803 1608 947 1674 videbar.
969 1608 1038 1674 Nec
1053 1609 1170 1674 vellem
1186 1610 1352 1691 equidem
1374 1607 1519 1673 alienum

272 1726 361 1791 enim·
379 1724 487 1792 idest
509 1744 528 1789 a
552 1724 693 1793 consiliis
717 1726 807 1790 meis.
833 1724 897 1790 Sed
920 1743 992 1789 curn
1016 1725 1200 1806 plerosque,
1225 1723 1281 1805 qui
1296 1727 1371 1804 post
1387 1720 1519 1787 Frisch-

269 1839 368 1905 liuum
390 1836 613 1919 Aristophanis
638 1837 818 1905 comoedias
845 1837 945 1903 latine
969 1837 1153 1911 ediderunt,
1175 1836 1317 1915 ludendi,
1347 1834 1519 1914 illudendi,
1573 1880 1575 1891 .

272 1951 436 2017 alludendi
468 1951 567 2017 verba
597 1951 659 2016 tria
691 1951 872 2033 promiscue
907 1956 941 2015 et
975 1951 1206 2016 diversissimis
1236 1935 1455 2033 'usurpavisse
1485 1948 1521 2013 in

274 2063 352 2129 locis
375 2063 619 2142 intellexissem,
643 2081 760 2145 operae
787 2064 926 2145 pretium
950 2064 1036 2143 duxi,
1071 2063 1147 2145 quid
1175 2064 1210 2128 id
1240 2069 1339 2145 esset,
1378 2063 1465 2146 quod
1487 2062 1522 2127 in

275 2178 362 2243 tanti
391 2183 508 2260 poetae
542 2177 710 2243 versiculis
744 2177 855 2242 multis
889 2178 970 2242 adeo
1004 2177 1159 2259 placeret,
1196 2177 1291 2260 paulo
1325 2177 1521 2257 accuratius,

276 2290 588 2373 quantulumcunque
611 2309 750 2373 possem,
774 2295 986 2374 pertractare.

380 2404 465 2484 Quos
488 2405 575 2469 iocos
599 2404 674 2471 solis
700 2404 818 2484 verbiS,
841 2424 904 2470 non
927 2406 1025 2471 rebus
1049 2404 1247 2486 quibuslibet
1269 2404 1351 2470 actis
1374 2402 1523 2480 effectos,

277 2518 304 2582 si
328 2519 400 2600 quis
424 2519 458 2583 in
482 2519 621 2599 quinque
644 2536 765 2599 genera
787 2519 914 2600 parcius
937 2536 988 2583 me
1015 2518 1164 2583 divisisse
1186 2517 1358 2601 putaverit,
1382 2535 1423 2582 ne
1449 2536 1523 2583 cum

277 2631 341 2695 illis
363 2649 415 2695 me
438 2635 610 2711 comparet,
636 2631 691 2712 qul
712 2649 839 2695 muscas
855 2650 918 2696 non
941 2631 1086 2697 reticulis
1110 2631 1167 2696 sed
1190 2630 1301 2696 hiante
1325 2648 1419 2697 sacco
1444 2649 1522 2712 cap·

277 2750 349 2811 tare
371 2747 536 2822 conentur,
571 2749 721 2810 accurate
755 2743 821 2824 ille,
857 2763 939 2827 quae
973 2745 1015 2809 M.
1050 2744 1085 2809 Τ.
1122 2744 1233 2810 Cicero
1263 2745 1296 2809 in
1319 2745 1434 2823 altero,
1467 2744 1525 2826 qui

276 2840 463 2932 inscribitur
486 2856 526 2921 de
550 2862 688 2936 oratore,
711 2855 793 2921 libro
808 2857 836 2939 ²)
860 2857 911 2922 his
933 2858 974 2924 de
988 2858 1095 2924 -rebus
1118 2857 1210 2922 nobis
1233 2857 1422 2939 prodiderit,
1447 2876 1526 2939 per-

277 2971 428 3052 vestiget.
439 2969 465 3052 ³)
489 2969 664 3052 intelleget
687 2969 771 3034 enim
787 2977 864 3051 tum,
889 2989 930 3035 ne
946 2970 1034 3034 illurn
1051 2971 1191 3052 quidem,
1218 2971 1362 3052 quamvis
1379 2971 1527 3039 clarissi-

276 3103 362 3150 mum
385 3088 545 3149 oratorem
568 3082 769 3162 eundemque
790 3081 1014 3163 philosophum
1035 3082 1107 3164 plus
1129 3101 1188 3147 sex
1211 3090 1378 3164 septemve
1396 3102 1524 3164 eorum,

279 3198 331 3279 qui
355 3198 388 3262 in
410 3195 518 3262 verbis
547 3199 667 3273 essent,
690 3194 831 3266 iocorum
853 3194 977 3276 genera
1004 3196 1148 3276 potuisse
1170 3195 1332 3290 indagare.
1364 3197 1413 3261 Ad
1439 3215 1527 3279 qnae

278 3311 430 3378 nonnulla
464 3309 555 3373 illum
586 3300 786 3390 ascripsisse,
818 3328 900 3390 quae
935 3309 997 3373 ulio
1031 3308 1147 3373 melius
1176 3307 1385 3392 referrentur,
1420 3311 1528 3376 veluti

280 3425 379 3489 verba
401 3422 459 3488 illa
482 3423 586 3487 relata
609 3403 809 3503 contrarie,⁴)
833 3423 886 3487 vir
908 3423 1027 3488 attinet
1050 3422 1168 3488 dicere.
1191 3423 1272 3488 Nam
1294 3430 1529 3506 praeterquam

280 3538 367 3620 quod
390 3542 491 3603 toturn
515 3535 612 3601 istum
629 3535 668 3599 de
692 3535 771 3601 iocis
793 3535 897 3600 locum
914 3541 979 3600 tam
995 3535 1111 3616 insigni
1134 3535 1232 3628 animi
1255 3536 1388 3601 levitate
1412 3556 1529 3602 enara-

279 3651 336 3731 vit,
361 3655 398 3714 ut
416 3649 639 3716 diversissima
660 3648 746 3721 haud
768 3667 841 3714 raro
864 3650 1025 3728 misceret,
1058 3629 1153 3714 certe
1180 3648 1232 3713 vel
1263 3639 1364 3714 solam
1387 3651 1529 3717 camob

280 3782 407 3829 causam
429 3763 567 3843 vestigia
589 3762 659 3827 eius
689 3759 795 3829 acrius
816 3780 963 3844 premere
987 3762 1143 3843 nolebam,
1172 3763 1257 3844 quod
1280 3762 1428 3843 ambigua
1459 3764 1527 3845 illa,

280 3876 320 3942 11
346 3895 427 3959 quae
452 3876 640 3958 explicanda
661 3876 721 3942 hoc
744 3876 884 3943 studium
908 3895 999 3944 omne
1024 3878 1240 3956 contulissem,
1264 3896 1328 3942 nou
1351 3877 1444 3942 modo
1462 3895 1531 3943 non

280 4010 300 4055 a
324 3990 455 4072 reliquis
478 3990 604 4054 ridiculi
627 3990 800 4072 generibus
824 3990 1016 4073 segregavit,
1041 3991 1098 4055 sed
1122 4008 1224 4072 paene
1249 3989 1398 4071 neglecta
1413 3990 1526 4056 iacere

280 4120 394 4186 passus
434 4107 493 4168 est.
509 4103 535 4185 5)
574 4102 663 4182 Quae
701 4103 848 4184 ambigua
886 4121 1075 4186 quamquam
1108 4102 1257 4184 equidem
1294 4102 1527 4183 distinguenda

284 4216 547 4300 seiungendaque
582 4218 758 4300 areliquis
787 4219 913 4283 ridiculi
937 4219 1111 4300 generibus
1135 4218 1323 4296 censebam,
1360 4236 1424 4283 non
1461 4218 1531 4283 alia

283 4336 390 4395 tamen
413 4336 511 4414 atque
543 4332 590 4397 illi
620 4333 794 4414 partitione
828 4332 904 4397 mihi
929 4349 1017 4415 opus
1042 4337 1121 4397 erat.
1156 4332 1276 4397 Eodem
1312 4332 1397 4397 enirn
1431 4331 1530 4396 modo

280 4499 304 4640 Ξ
386 4575 406 4641 ¹)
426 4573 477 4628 Die
503 4573 676 4643 Physiologie
702 4576 758 4629 und
782 4573 961 4644 Psychologie
975 4566 1028 4630 'des
1053 4573 1178 4629 bachans
1205 4575 1259 4628 und
1284 4575 1331 4628 des
1358 4572 1533 4641 O'omischen,

284 4659 386 4728 Berlin,
404 4661 544 4716 Diimmler
564 4663 638 4718 1813.

387 4751 410 4816 ²)
432 4749 485 4825 011.
507 4751 540 4804 11
559 4768 596 4805 or.
614 4750 648 4807 11.
665 4751 846 4824 54„,..71„,
868 4754 895 4806 et
912 4751 959 4806 Ill.
977 4749 1012 4804 31
1032 4765 1091 4819 sqq.

396 4837 415 4903 ³)
437 4837 469 4891 11.
490 4839 571 4891 etiam
589 4838 748 4905 Quintiliani
769 4841 829 4894 inst.
850 4858 893 4895 or..
907 4838 951 4892 Vl.
970 4837 995 4891 3.

387 4922 486 4990 ’1011
506 4926 538 4979 11
557 4943 593 4979 or.
612 4927 646 4979 ll.
665 4929 747 4998 dom,

391 5009 411 5078 ⁵)
432 5008 487 5065 011.
507 5012 540 5065 11
559 5028 596 5068 or.
615 5012 650 5068 ll.
669 5013 825 5086 dim-66,
