3248 5828
672 564 717 628 53

68 745 208 810 alteram
232 743 406 825 apposuit?
439 743 483 805 At
502 742 558 819 γάρ
580 746 737 825 particula
759 746 883 811 inutilis
909 746 1049 810 laceret!
1081 742 1184 807 Erunt
1207 741 1314 821 igitur,

70 857 126 939 qui
149 857 259 921 dicant
281 855 516 920 Philocleouem
540 874 607 920 rem
631 858 833 923 manifestam
857 866 972 941 putare
994 861 1127 940 propter
1154 856 1198 935 id,
1231 854 1316 937 quod

69 970 228 1034 Lahetem
253 971 284 1033 in
307 973 378 1051 ipso
400 970 486 1035 furto
509 971 789 1052 deprehendisset,
821 978 879 1036 aut
902 971 986 1052 quod
1018 969 1058 1033 ad
1081 969 1237 1050 liquidum
1260 986 1315 1031 ex-

68 1083 266 1166 ploravisset
289 1084 469 1148 veritatem.
495 1086 538 1148 at
561 1085 605 1147 nil
628 1085 853 1167 deprehendit,
889 1085 933 1149 nil
958 1083 1145 1166 exploravit,
1181 1100 1244 1146 non
1268 1081 1315 1144 in·

70 1198 202 1277 dagarit
225 1198 409 1279 quidquam,
433 1198 510 1261 nihil
528 1198 668 1278 denique
684 1198 919 1280 proferebatur.
944 1216 1006 1279 quo
1030 1198 1150 1261 crimen
1166 1196 1316 1277 probare-

70 1317 135 1375 tur.
159 1311 275 1375 Verbis
298 1312 391 1376 modo
414 1318 583 1377 accusator
605 1313 671 1393 egit
696 1320 730 1376 et
752 1331 793 1377 ne
816 1312 857 1376 ad
880 1312 976 1376 linem
993 1311 1122 1392 quidem
1139 1310 1316 1374 orationem

68 1426 230 1507 perduxit.
254 1426 320 1489 Res
343 1446 420 1491 vero
443 1428 545 1508 ipsae,
569 1426 690 1491 radula.
715 1426 787 1503 olla,
811 1425 978 1507 pistillum,
1002 1423 1165 1504 craticula,
1192 1422 1317 1503 reliqua

71 1556 149 1601 rasa
172 1538 287 1602 adusta
311 1546 424 1620 postea
449 1539 574 1603 deinum
599 1540 674 1603 inde
706 1559 724 1603 a
748 1558 845 1603 uersu
868 1539 932 1600 uso
954 1558 974 1602 a
997 1537 1212 1620 Bdelycleone
1236 1534 1313 1601 toti-

71 1652 146 1715 dem
180 1651 312 1715 Labetis
347 1652 451 1731 magni
486 1652 690 1717 innocentiae
725 1658 830 1716 testes
864 1652 1052 1716 invocantur
1092 1656 1126 1715 et
1159 1650 1247 1714 velut
1284 1651 1319 1715 in

75 1763 215 1829 medium
239 1764 381 1828 tribunal
405 1764 620 1846 proferuntur.
658 1765 701 1828 Et
723 1785 764 1830 ne
799 1766 831 1829 id
866 1766 994 1846 quidem
1030 1764 1207 1828 concedere
1237 1763 1317 1828 lieet

72 1876 310 1944 Philocleonem
334 1897 404 1942 earn
430 1880 470 1943 ob
495 1898 623 1942 retrusam
647 1878 785 1942 dixisse:
818 1878 904 1957 „Res
938 1876 1111 1941 manifesta
1144 1882 1212 1957 est;
1246 1877 1316 1958 ipsa

73 1992 159 2056 enirn
182 1992 353 2055 nianil'esta
377 1995 460 2069 est“,
485 1992 535 2054 vel
561 2011 640 2073 „per
662 2010 698 2056 se
723 1993 807 2055 enim
831 1996 954 2072 patet“,
991 2009 1053 2072 quo
1083 1990 1183 2071 nragis
1207 1995 1315 2054 osten-

74 2106 167 2170 deret
192 2124 227 2169 se
251 2107 449 2186 argumentis
473 2106 673 2187 iruliciisque,
707 2122 917 2187 quaecuuque
941 2111 1061 2183 essent,
1096 2103 1181 2168 velle
1204 2121 1316 2185 super·

76 2219 203 2298 sedere,
241 2240 310 2283 cum
335 2220 412 2284 nihil
437 2224 560 2285 baritum
584 2226 714 2301 tamque
737 2238 837 2300 graue
872 2219 933 2283 sibi
969 2217 1133 2282 rideretur
1166 2216 1317 2299 laturum,

76 2333 162 2414 quod
186 2332 382 2414 prohiberet,
420 2334 587 2414 qumuiuus
611 2334 766 2397 habetem
790 2332 1028 2396 condemnaret.
1063 2331 1209 2395 Dixisset
1231 2330 1317 2393 enim

73 2447 175 2511 inulto
199 2467 260 2511 non
283 2447 375 2511 inodo
406 2447 530 2527 melius,
565 2448 621 2511 sed
653 2447 751 2511 etiam
781 2445 944 2510 veracius:
977 2442 1064 2503 οὐδὲν
1096 2442 1138 2503 ἔτι
1169 2441 1318 2523 βούλομαι

74 2557 210 2631 ἀκούειν,
246 2560 297 2623 vel
333 2556 474 2618 uhab-un·
510 2559 544 2617 εὖ
581 2563 628 2619 δεῖ
659 2558 761 2637 λόγων,
795 2560 866 2623 Nan
901 2560 999 2640 igitur
1030 2578 1108 2624 usus
1142 2564 1232 2623 esset
1262 2557 1318 2622 illo

75 2671 150 2733 αὐτὸ
174 2671 228 2752 γὰρ
250 2676 321 2752 βοᾷ,
346 2674 405 2738 nisi
430 2674 561 2739 verbum
586 2678 662 2753 ,luda
686 2675 814 2738 uniuino
843 2671 999 2735 uoluisset
1030 2672 1194 2737 adhibere.
1226 2670 1317 2749 Quoi

77 2793 112 2850 ut
137 2787 202 2850 VV.
227 2788 295 2851 hb.
319 2789 543 2869 persuadeam,
567 2793 712 2869 repetam
737 2807 864 2852 versum
889 2786 964 2848 903.

179 2901 241 2963 libi
266 2920 335 2964 cum
360 2902 447 2965 canis
471 2901 717 2984 deathenaeua
740 2893 777 2960 αὗ
794 2891 832 2960 αὖ
855 2901 975 2963 latrans
999 2901 1177 2979 inducatur,
1210 2918 1272 2981 quo
1297 2919 1315 2964 e

75 3014 196 3077 latratu
220 3033 319 3078 senex
342 3016 451 3079 statim
483 3015 646 3095 cognoscit
676 3013 794 3093 ἀγαθὸν
825 3033 898 3079 esse
927 3011 1060 3074 ὑλακτεῖν
1091 3014 1138 3072 καὶ
1169 3014 1320 3093 διαὶείχευ·

75 3124 129 3195 τὰς
152 3123 270 3208 χύτρας,
294 3126 369 3190 (ἰείη
393 3147 463 3191 curu
488 3124 513 3190 a'
531 3147 625 3191 uersu
650 3128 723 3192 bib.
748 3132 912 3209 usquead
936 3131 1009 3193 titt).
1033 3128 1084 3193 vel
1100 3128 1198 3192 catuli
1213 3126 1317 3191 Labe·

76 3240 120 3303 tis
143 3241 278 3319 gannire
302 3241 484 3322 iubeantur,
508 3242 640 3305 dubium
663 3241 732 3305 lere
756 3262 819 3306 non
842 3249 903 3323 est,
935 3243 1012 3324 quin
1036 3242 1133 3306 etiam
1157 3240 1241 3305 inter
1263 3257 1320 3305 eos

77 3372 255 3431 sennonem
279 3355 330 3437 qui
356 3375 375 3419 a
407 3375 451 3419 us.
484 3357 557 3419 903.
583 3356 745 3437 usquead
769 3356 1026 3436 elaberentur,
1052 3374 1148 3421 eones
1172 3372 1318 3419 nonnun-

75 3486 172 3551 quam
194 3467 393 3548 latrarerint,
427 3474 472 3550 ut,
506 3488 568 3550 quo
592 3470 653 3551 ipsi
677 3474 733 3534 aaut
755 3471 872 3551 gaudio
888 3469 1094 3535 allicerentur
1116 3473 1176 3534 aut
1198 3466 1319 3547 dolore,

77 3582 333 3664 disceptantibus
357 3584 435 3647 viris
451 3584 671 3648 ostenderent.
695 3584 830 3649 Accedit
845 3583 929 3666 quod
944 3581 1112 3664 XanthiaS,
1136 3581 1189 3663 qui
1206 3598 1320 3645 servus

75 3696 272 3761 accusatoris
295 3700 405 3777 partes
421 3696 497 3776 agit,
521 3702 634 3776 aperte
651 3696 730 3760 dicit
755 3694 800 3755 iro
815 3693 856 3775 pi}
881 3693 1024 3775 κεκλάγγω
1047 3691 1097 3754 διὰ
1120 3699 1204 3773 κενῆς
1226 3687 1321 3762 ἄλλως

77 3807 131 3888 ἐγώ
157 3814 216 3891 (vs.
240 3809 330 3893 929),
365 3809 480 3891 quibus
503 3808 611 3873 verbis
646 3828 708 3873 non
740 3813 830 3874 esset
855 3827 941 3891 usus,
976 3807 1038 3873 nisi
1070 3807 1158 3873 canis
1192 3810 1320 3891 saepius

78 3922 274 3988 latravisset.
320 3924 402 4001 Quid
444 3923 527 4004 quod
562 3922 696 3986 alterius
734 3922 821 3987 canis
855 3922 1110 3986 taciturnitatem
1144 3921 1318 4004 Bdelyeleo

78 4036 139 4119 (sic
163 4038 246 4101 enim
264 4037 440 4121 Bergkius')
464 4056 510 4101 vs.
534 4036 607 4099 llll.
631 4042 744 4118 aperte
771 4036 942 4117 improbat3
965 4054 1060 4116 quem
1083 4054 1145 4100 non
1161 4035 1323 4117 potuisset

77 4149 256 4233 increpare,
280 4151 307 4215 si
331 4152 417 4215 canis
441 4156 578 4232 uterque
601 4170 660 4232 per
677 4155 776 4215 totam
801 4150 892 4231 hanc,
915 4150 947 4213 in
971 4169 1034 4231 qaia
1056 4148 1207 4214 iudicium
1223 4148 1320 4214 habe·

78 4269 142 4337 tur,
165 4262 291 4328 fabulae
314 4269 440 4346 partem
463 4270 570 4328 mutus
594 4264 763 4328 astitisset.
788 4263 848 4327 Est
870 4262 1009 4344 denique
1026 4265 1085 4328 hac
1100 4265 1132 4327 in
1148 4282 1184 4327 re
1197 4261 1321 4328 Aristo·

78 4377 193 4458 phanis
217 4377 345 4458 ingenio
368 4378 634 4459 morigerendum,
658 4383 694 4440 ut
717 4378 798 4440 hanc
821 4394 960 4459 scenam,
984 4377 1129 4458 quamvis
1153 4375 1197 4440 sit
1219 4374 1322 4440 omnis

77 4490 207 4571 generis
229 4488 419 4556 facetiarum
441 4490 638 4571 plenissima,
661 4490 856 4555 latrantibus
873 4491 1015 4570 canibus
1040 4490 1196 4573 quomado
1212 4490 1320 4556 verbis

79 4606 263 4669 electione
288 4609 555 4683 commoveantur,
580 4608 636 4669 aut
659 4604 725 4667 alta
747 4609 804 4668 aut
826 4605 915 4669 tenui
945 4604 1108 4687 flebilique
1136 4623 1213 4670 voce
1247 4622 1320 4686 pro·

79 4717 242 4800 dentibus
267 4718 369 4798 magis
394 4717 492 4783 etiarn
516 4715 682 4784 ridiculam
706 4723 750 4793 ct,
773 4724 810 4782 ut
832 4719 879 4783 ita
904 4719 1017 4799 dicam,
1053 4717 1322 4784 turbulentiorem

80 4832 309 4914 quodammodo
332 4836 461 4914 poetam
485 4830 649 4896 effinxisse
672 4837 830 4913 putemus.
855 4832 961 4915 Saepe
990 4831 1075 4895 enim
1108 4832 1205 4897 etiam
1228 4850 1321 4899 rana-

77 4965 147 5013 rum
170 4947 248 5012 illud
272 4944 440 5027 βρεκεκεκὲξ
460 4942 539 5018 aad?
560 4943 646 5019 κοάξ,
669 4964 768 5029 saepe
789 4946 896 5012 avium
918 4942 977 5024 τιό,
998 4945 1072 5028 plus
1095 4946 1198 5011 semel
1222 4945 1321 5015 etiam
