3172 5820
692 561 846 664 a

146 731 379 822 ’isthetaerus,
415 735 490 816 quin
520 735 640 800 iterum
671 735 704 802 in
727 737 824 805 hosce
857 739 952 803 cados
983 736 1194 802 inveheretur.
1216 741 1251 800 et
1280 735 1389 801 verbis

146 846 255 911 ndens
279 847 506 913 minitaretur:
540 846 580 908 τω
604 850 728 911 ΚΑΔΩ
757 850 966 932 canonicale,
996 849 1091 916 deine
1113 849 1253 930 Kriige
1283 849 1389 913 werde

146 959 190 1023 ch
214 959 265 1023 dir
287 959 544 1041 zerkriegen,
569 961 726 1028 istavasa
752 964 974 1036 ,devastabo.“
1001 963 1061 1031 Est
1088 967 1177 1028 certe
1192 942 1391 1029 haecfntnri

150 1073 296 1155 emporis
319 1073 421 1139 forma
444 1073 533 1145 verbi
556 1073 780 1155 διασκιδοὶννομι
815 1083 849 1144 et
878 1077 977 1143 habet
999 1094 1125 1159 quoque
1149 1075 1276 1142 solitam
1303 1076 1391 1140 disii,

146 1185 251 1251 :iendi
273 1187 446 1270 notionem,
471 1188 610 1252 sednon
629 1194 680 1255 est
695 1189 728 1254 in
745 1189 1035 1259 hacinsistendum
1052 1189 1143 1257 verbi
1166 1186 1392 1266 διασκοοάωομι

146 1299 262 1381 radice,
287 1302 405 1383 quippe
432 1320 515 1383 quae
541 1300 748 1383 „frangendi“
782 1304 847 1371 uim
870 1323 934 1368 non
955 1304 1083 1371 habeat.
1117 1303 1208 1382 Quae
1226 1303 1296 1386 nis
1316 1316 1392 1373 cam

146 1412 306 1478 efficiatur
329 1413 397 1477 sola
420 1414 526 1495 priore
549 1415 640 1479 verbi
662 1417 823 1496 particula
847 1413 908 1489 aa,
935 1415 1121 1496 „entznei,“
1136 1415 1193 1480 ,ita
1215 1415 1314 1496 ut,·si
1336 1433 1387 1480 so·

146 1527 210 1591 lum
235 1545 368 1596 sensum
392 1532 531 1611 spartea,
566 1546 644 1592 voce
676 1525 755 1604 ῥήξω
790 1529 842 1595 vel
874 1523 938 1601 ἄξω
959 1545 1050 1610 opus
1083 1536 1146 1593 non
1180 1526 1290 1609 fuerit,
1323 1546 1393 1592 eam

146 1638 270 1704 addidit
292 1643 389 1720 poeta
426 1638 515 1703 verbi
549 1637 682 1704 formam
707 1643 856 1723 ,oxroe“,
890 1659 971 1723 quae
1002 1641 1211 1723 praecedenti
1241 1641 1393 1707 vocabulo

146 1749 228 1812 κάδω
252 1758 342 1816 esset
364 1749 534 1840 simillima,
569 1759 605 1817 ut
639 1758 708 1819 toto
743 1753 897 1835 vocabulo
929 1754 1018 1824 uelut
1032 1773 1082 1820 -ax
1104 1754 1257 1821 adverbio
1287 1752 1337 1814 dod
1361 1760 1395 1820 et
1501 1788 1504 1795 ·

153 1865 351 1933 substantivo
390 1863 483 1933 κάδος
527 1867 703 1949 composito
742 1885 876 1947 ,urceos
911 1865 1046 1933 fractum
1092 1868 1154 1933 iri“
1189 1866 1410 1948 significaret

152 1978 267 2058 Quodsi
290 1979 389 2060 igitur
404 1978 502 2070 verbo
518 1978 706 2041 ωιιδωνύνοι
730 1980 824 2058 solito
840 1981 933 2054 modo
949 1980 999 2049 uti
1013 1981 1181 2062 voluisset,
1204 1977 1395 2060 τάνιφύοννι
1489 2062 1492 2087 Ι
1518 2064 1520 2071 Ι

152 2092 298 2176 dinisset,
320 2111 398 2174 quas
422 2091 558 2157 tabellas
581 2093 615 2157 in
638 2111 752 2170 urceos
777 2093 930 2175 suffragia
951 2092 1097 2165 ferentes
1119 2093 1354 2172 immittenda
1370 2091 1394 2177 ¹)

150 2202 258 2276 κάδους
280 2223 366 2279 ιοιο,
390 2207 531 2288 inquam,
564 2206 786 2288 nihilomagis
823 2203 1121 2289 ,adraonrdotroopn“,
1153 2217 1249 2288 quom
1281 2223 1397 2273 urceos

150 2320 406 2403 ,dissipamus!“
423 2318 448 2400 a)
693 2369 697 2373 -

252 2435 373 2515 Vesp.
397 2452 478 2500 uss,
505 2433 689 2499 leo-160.

146 2550 327 2617 Φιλοκλέων,
383 2549 412 2608 τί
434 2543 571 2628 ὃροὶσιτ’;
598 2546 650 2608 oda
676 2546 840 2628 ἐκφρήσετ’,
865 2541 890 2608 οἷ
912 2546 1104 2626 μιαρώτατοι,

362 2637 365 2642 ι
385 2661 548 2723 δικάσοντά
571 2661 614 2742 μ’,
637 2660 699 2723 ἀλλ’
724 2660 895 2739 ἐκφεύξεται
917 2665 1138 2749 Δρακοντι’δης;

146 2774 295 2847 Ξανθίας.
385 2775 419 2836 σύ
447 2778 481 2837 δὲ
497 2781 592 2838 τοῦτο
614 2778 729 2858 βαρέως
753 2773 788 2838 ι’ύν
812 2778 934 2863 φέροις,·
960 2778 1029 2843 Φιλ.
1052 2776 1068 2835 ὁ
1094 2773 1151 2856 γὰρ
1172 2774 1249 2845 θεὸς

383 2893 585 2969 μαντευομένῳ
608 2887 773 2972 μοῦχρησεν
797 2894 825 2954 ἐν
850 2892 977 2968 Δελφοῖς
999 2891 1101 2962 ποτέ,

383 2999 455 3066 ὅταν
478 3029 520 3073 τις
544 3003 651 3084 ἐκφύγῃ
674 3003 715 3086 μ’,
741 3002 923 3084 ἀποσκλῆναι
946 3002 1022 3064 τότε.
1234 2982 1314 3069 160.'

257 3121 402 3198 Quantus
426 3118 524 3184 fuerit
547 3119 780 3200 Aristophanes
802 3120 836 3184 in
859 3119 1056 3188 oraculorum
1091 3118 1294 3185 obscuritate
1325 3119 1397 3183 irri-

146 3234 269 3309 denda,
295 3252 365 3297 cum
389 3251 481 3298 nemo
505 3233 640 3313 ignoret,
666 3251 728 3301 non
752 3233 951 3314 argumentis
974 3249 1058 3312 opus,
1078 3230 1150 3313 erit,
1185 3237 1221 3296 ut
1243 3232 1396 3297 inversu

148 3347 217 3410 160
239 3347 410 3411 verborum
433 3346 537 3410 lusum
561 3346 669 3410 inesse
694 3347 847 3413 arincam.
873 3345 975 3423 Quem
999 3363 1128 3413 versum
1150 3363 1222 3413 cunr
1239 3344 1400 3410 Xanthiaa

146 3440 237 3525 nervi
263 3459 450 3524 exclamatio
470 3454 618 3519 ”Another
641 3456 837 3539 ἀποτρόπαιε,
860 3462 914 3520 τού
938 3454 1142 3535 μαντεύματος
1165 3457 1316 3540 excipiat,
1337 3472 1403 3539 qua
1472 3510 1480 3525 .
1532 3447 1535 3457 ¹

151 3573 311 3655 aptiorem
335 3592 398 3637 non
428 3578 557 3654 poterat
588 3572 737 3638 invenire
759 3577 867 3659 poeta,
906 3577 942 3636 ut
975 3591 1095 3651 eornm,
1130 3572 1185 3654 qui
1217 3575 1404 3654 spectarent

155 3684 305 3770 fabulam,
330 3686 370 3750 ad
393 3686 576 3766 ambiguum
599 3686 731 3750 verbnm
755 3686 876 3751 animos
900 3685 1176 3761 intenderetur>
1207 3675 1403 3751 mentionem

159 3801 286 3883 quidem
317 3800 467 3864 fecissem
498 3798 549 3864 loe
552 3799 650 3865 tidi
641 3799 846 3881 1ooi,cuiua
874 3796 999 3864 similes
1031 3797 1132 3867 ιοοιιιι
1148 3814 1264 3878 magno
1293 3797 1405 3863 labore

159 3914 320 3995 impertio
368 3920 419 3978 sat
406 3914 543 3991 tmulti
518 3914 670 3995 tapnd
703 3912 953 3994 Aristophanem
985 3912 1217 3991 invenirentur,
1251 3911 1407 3979 nisinen

160 4028 257 4091 solum
282 4028 453 4110 llusteruS,
477 4028 661 4108 Berglerus,
679 4027 805 4109 reliqui,
830 4044 964 4108 quorum
987 4024 1196 4095 annotatam
1208 4023 1405 4093 Aristcom.

157 4140 210 4205 hn.
234 4141 405 4207 Bekkerus
422 4142 593 4222 congessit,
618 4142 790 4207 sedetiam
812 4141 913 4209 Iulius
937 4139 1120 4215 Richterus,
1146 4138 1348 4221 quamquam,
1374 4139 1402 4202 si

156 4254 295 4321 ludendo
330 4274 440 4321 verum
475 4256 556 4322 velis
588 4256 708 4338 dicere,
739 4254 809 4321 fere
847 4258 1065 4334 augustus
1093 4252 1405 4340 tristopnmearun

154 4365 345 4452 facetiarum
370 4369 494 4435 iudex
518 4374 570 4433 est
592 4367 814 4440 nominandus,
837 4367 967 4434 silentio
990 4365 1074 4431 hune
1090 4365 1195 4433 lusum
1211 4364 1403 4448 praeteriise

154 4488 240 4548 seut.
266 4482 368 4577 Quem
392 4502 462 4548 cum
485 4502 525 4548 ne
549 4477 765 4567 Hieronymus
789 4479 918 4563 quidem
940 4468 1321 4556 liuelleruaaousisset,¹
1336 4495 1403 4557 cos,

153 4597 211 4678 qni
236 4600 348 4661 essent
370 4596 485 4663 lecturi
510 4595 657 4667 eximiam
678 4595 762 4663 hane
784 4594 963 4676 Vesperurn
986 4591 1200 4675 comoediam,
1218 4589 1405 4681 hispaucis
1511 4611 1522 4624 ³

261 4789 402 4856 ¹Quibus
422 4786 550 4841 derebus
569 4783 746 4840 iudicialibus
766 4783 865 4852 legisse
880 4782 1018 4838 iuvabitl.
1032 4780 1173 4834 Richteri
1166 4798 1195 4834 m
1207 4779 1289 4877 Veep
1302 4778 1404 4856 proleg.

154 4893 184 4932 e
200 4877 247 4933 IV.
264 4877 425 5015 praessertim
445 4890 506 4946 pag.
526 4873 610 4928 128-
614 4872 671 4929 131

266 4962 338 5034 φοι
338 4978 431 5034 ‚quae
450 4960 664 5018 Schneideviuus
684 4961 718 5016 ad
736 4957 815 5034 Soph.
837 4957 927 5031 Antig
948 4973 971 5012 ιι.
987 4956 1048 5013 ‘287
1061 4955 1235 5012 moeonia--
