3172 5820
279 789 403 858 Confer
421 796 518 861 etiam
534 796 614 883 Equ.
631 815 694 861 vss.
719 796 901 860 257--260,
927 795 1038 861 Cleoni
1054 797 1138 861 enim
1155 803 1315 878 querenti,
1339 789 1423 879 quod
1522 780 1526 788 ¹

164 917 184 962 a
210 904 395 972 coniuratis
420 909 608 990 quibusdam
633 910 869 989 verberaretur,
892 909 972 973 haec
996 907 1110 975 chorus
1134 912 1318 992 respondit:

277 1021 307 1077 έν
331 1023 397 1101 δίκῃ
421 1021 456 1101 y’,
482 1023 541 1081 ἐπεί
564 1019 601 1081 τοὶ
624 1019 708 1081 κοινοὶ
730 1023 798 1097 πρὶν
812 1025 915 1103 ,λαχεῖν
937 1024 1103 1091 κατεσθίεις

277 1131 497 1204 κάποσυκάζεις
519 1133 626 1204 πιέζων
656 1132 727 1203 τοὺς
749 1133 935 1203 ὑπευθύνους
958 1139 1076 1195 σκοπῶν

278 1238 360 1314 ὅστις
383 1243 479 1306 αὑτῶν
502 1243 582 1324 ὠμός
606 1249 682 1306 ἐστιν
704 1243 874 1326 ἢπέπωνῆ
905 1244 945 1326 μὴ
970 1247 1070 1307 πέπων
1092 1251 1177 1334 κτλ..
1240 1255 1241 1260 ’
1471 1327 1476 1338 .

169 1354 243 1434 Quo
290 1358 331 1423 de
376 1359 445 1424 loco
489 1366 620 1441 praeter
653 1359 717 1424 alia
765 1360 845 1425 haec
894 1360 962 1424 iere
1005 1360 1155 1442 leguntur
1197 1363 1229 1425 in
1275 1363 1422 1428 scholiis:

170 1471 434 1553 Λιαλογιζόμενος,ἱ
455 1475 504 1533 καί
527 1473 615 1554 ὁρῶν,
646 1477 694 1534 καὶ
717 1478 978 1555 πολυπραγμονῶν,
1017 1474 1101 1554 ὠμός
1123 1477 1165 1551 δὲ,
1190 1476 1324 1557 σκληρὸς,
1355 1481 1422 1544 δυς-

171 1583 391 1667 καταμάχρτος.
426 1584 491 1646 ἀντὶ
525 1588 558 1646 δὲ
587 1591 640 1647 τοῦ
664 1592 753 1647 εἰπεῖν
776 1590 876 1667 πένης,
907 1585 926 1669 ἢ
950 1587 1100 1662 πλούσιος,
1125 1592 1253 1668 ἐπέμεινε
1275 1597 1311 1672 τῇ
1334 1613 1422 1669 μετα-

173 1703 257 1775 φορᾷ
280 1698 319 1768 ὠς
342 1702 390 1760 ε’πὶ
406 1698 511 1765 σύκων,
534 1697 568 1760 τι)
594 1701 627 1759 δὲ
650 1701 750 1760 πέπων
772 1699 791 1781 ἢ
812 1701 851 1780 μὴ
877 1703 977 1772 πέπων
1000 1700 1064 1762 ἀντὶ
1086 1708 1138 1764 τοὺ
1162 1701 1289 1784 ἁπαλὸς,
1313 1705 1424 1783 ῥᾳδίως

172 1815 383 1892 διασεισθῆναι
406 1813 574 1892 δυνάμενος.
612 1819 817 1894 μεταφορικῶς
846 1815 880 1875 δὲ
903 1813 964 1876 ἀπὸ
988 1819 1041 1875 τοὺ
1064 1814 1200 1887 συκυίζειν
1218 1814 1339 1886 τούτοις
1360 1822 1423 1885 τοῖς

173 1925 301 2005 ὀνόμασι
323 1929 458 2010 κέχρηται
480 1933 540 1993 κτλ.

280 2046 340 2110 Est
372 2045 469 2109 etiam
501 2045 560 2108 ubi
585 2040 770 2124 allegoriam
800 2044 956 2108 invenias.
990 2043 1026 2108 In
1057 2045 1202 2109 eiusdem
1233 2046 1418 2111 comoediae

174 2177 237 2223 vss.
261 2158 434 2222 blo-528
456 2159 536 2223 haec
559 2160 665 2239 leges:

173 2266 236 2332 εἶτα
259 2274 407 2348 Κρατίνου
430 2271 620 2350 μεμνημένος,
652 2264 684 2339 ὃς
707 2273 805 2347 πολλῷ
829 2268 936 2349 ῥεύσας
951 2268 1026 2329 ποτ’
1051 2274 1158 2346 ἐπαίνῳ
1332 2253 1404 2326 δίου
1423 2262 1470 2341 νύ)
1489 2254 1575 2374 Ηὸἰιιὺ

174 2383 224 2445 διὰ
248 2390 305 2445 τῶν
326 2382 442 2464 ἀφελῶν
466 2387 574 2444 πεδίων
597 2383 682 2464 ἔρρει,
712 2387 760 2444 καί
790 2389 842 2462 τῆς
866 2381 998 2452 στάσεως
1021 2381 1201 2460 παρασύρων

174 2482 273 2578 ἐφόρει
301 2497 354 2567 τὰς
377 2501 449 2575 δρῦς
472 2501 519 2558 καί
542 2496 595 2566 τοὶς
618 2495 783 2565 πλατάνους
806 2499 855 2556 καί
877 2494 947 2564 τοὺς
972 2494 1103 2577 ἐχθρούς
1127 2495 1362 2576 προθελύμνους.

280 2612 369 2690 Quae
401 2632 464 2676 uon
496 2630 625 2694 semper
653 2629 789 2675 necesse
827 2618 878 2674 est
913 2630 986 2674 esse
1018 2610 1168 2690 ridicula3
1202 2630 1312 2676 verum
1346 2618 1422 2676 suut

171 2724 381 2806 plerumque;
405 2744 641 2806 nonnumquam
664 2743 739 2788 vero
764 2725 861 2788 etiam
885 2726 976 2806 ipsae
1001 2714 1161 2804 ampullae
1195 2724 1419 2789 acerbissimos

175 2837 340 2918 quosdam,
365 2857 444 2919 quos
468 2858 530 2901 non
555 2837 806 2918 exspectaveris,
831 2836 959 2902 aculcos
983 2854 1045 2900 non
1070 2836 1140 2898 sine
1156 2835 1228 2900 dolo
1245 2838 1416 2902 occultant.

171 2950 364 3032 Ubicunque
389 2952 473 3014 enim
497 2955 552 3014 aut
577 2970 672 3014 uuum
696 2950 828 3014 verbum
853 2950 1008 3015 translato
1032 2965 1130 3013 sensu
1154 2950 1341 3015 adhibueris
1365 2957 1420 3016 aut

170 3069 273 3128 totam
296 3065 472 3129 orationem
496 3065 733 3143 immutaveris,
770 3083 858 3145 quas·
879 3065 1007 3145 quidem
1029 3063 1144 3142 τροπάς
1179 3069 1212 3129 et
1246 3041 1421 3142 νικαφορίας

170 3177 365 3242 scholiastae
403 3175 653 3256 innumerabiles
690 3177 759 3242 iere
808 3178 889 3259 apud
930 3177 1177 3259 Aristophanem
1215 3173 1418 3271 notaverunt,

169 3290 290 3372 duplex
313 3290 543 3371 quodammodo
566 3291 603 3354 fit
624 3292 795 3356 verborum
811 3290 984 3369 sententia,
1008 3310 1140 3372 quarum
1160 3292 1263 3356 altera
1278 3292 1311 3355 in
1335 3292 1417 3373 ipsis

167 3404 279 3468 verbis
302 3404 399 3484 inest,
424 3405 582 3468 alteram
606 3404 713 3469 verbis
737 3403 839 3470 ueluti
862 3403 965 3468 latere
990 3380 1145 3484 sentitur3
1180 3404 1264 3468 unde
1299 3402 1345 3482 fit,
1364 3406 1418 3467 'ut

166 3518 268 3598 po'eltd
290 3515 417 3581 facilius
440 3517 489 3580 his
512 3516 788 3595 translationibus
813 3534 907 3598 quam
931 3517 971 3581 ad
994 3517 1057 3581 alia
1080 3517 1271 3582 facetiarum
1295 3512 1416 3597 genera

166 3630 355 3711 inopinatos
380 3631 532 3712 quosdam
556 3630 642 3695 iocos
664 3630 767 3711 possit
790 3630 977 3694 admiscere.

278 3743 338 3827 (3.)
361 3745 432 3809 Non
450 3745 554 3809 minor
569 3740 752 3832 spesctathtjs
762 3727 1066 3834 thasbac‘cachinnus
1083 3745 1251 3823 excitatur,
1274 3744 1417 3825 quoties·

168 3875 298 3938 cunque
332 3857 427 3922 velut
458 3876 497 3920 ex
531 3855 702 3938 improviso
745 3863 779 3919 et
812 3838 943 3936 praeter
977 3857 1250 3938 exspectationem
1280 3856 1418 3921 alterum

168 3969 309 4034 alterius
332 3970 477 4036 vocabuli
502 3970 612 4034 sedem
636 3974 778 4050 occupat.
816 3968 906 4046 Quod
930 3970 1059 4051 quidem
1091 3968 1281 4035 facetiarum
1315 3987 1417 4051 genus

169 4101 364 4164 quamquam
390 4101 452 4146 non
476 4100 604 4164 semper
626 4081 755 4146 videtur
777 4081 944 4163 dissimile,
970 4101 1008 4147 eo
1026 4088 1140 4148 tamen
1164 4083 1271 4148 differt
1294 4084 1335 4147 ab
1350 4083 1415 4162 illo,

168 4197 300 4277 dequo
324 4196 416 4260 modo
439 4196 622 4276 agebamus,
660 4194 743 4277 quod
779 4196 941 4276 inpriore
976 4197 1008 4260 in
1043 4198 1120 4261 solis
1150 4197 1220 4288 fere
1254 4196 1417 4261 vocabulis

167 4308 298 4373 ridendi
322 4327 418 4373 causa
440 4309 548 4391 posita
574 4315 634 4389 est,
659 4309 690 4372 in
715 4290 775 4373 hoc
791 4309 1025 4373 sententiarum
1041 4310 1230 4392 plerumque
1246 4310 1418 4392 repentina

169 4422 209 4486 fit
233 4423 450 4487 commutatio.
480 4422 624 4487 Interest
658 4440 734 4486 vero
769 4421 891 4502 aliquid
925 4421 1011 4485 inter
1044 4441 1101 4486 eos
1134 4423 1231 4500 locos,
1266 4423 1306 4487 ad
1337 4440 1417 4504 quos

167 4534 364 4600 scholiastae
380 4540 534 4599 annotare
550 4536 673 4599 solent:
693 4531 775 4610 παρὰ
786 4536 976 4612 προςδσκίαν,
992 4534 1062 4612 παρ’
1078 4534 1230 4610 ὑπόνοιαν,
1247 4537 1315 4596 δέον
1329 4540 1418 4596 εἰπεῖν

168 4694 176 4710 .
202 4699 210 4715 .
236 4691 264 4722 .,
287 4643 352 4707 ἀντὶ
376 4653 428 4709 τοῦ
453 4699 459 4713 .
484 4698 491 4714 .
514 4648 595 4713 Nam
618 4666 689 4712 cum
712 4647 791 4711 dicit
807 4648 909 4725 Δῆμος
932 4646 963 4710 in
989 4648 1068 4729 Equ.
1094 4667 1159 4715 uss.
1188 4647 1418 4712 lits-1176:

313 4804 318 4815 x
379 4758 432 4842 ¹oica
455 4760 509 4842 γὰρ
534 4758 661 4822 οἰκεῖσθ’
685 4756 721 4820 δν
744 4757 785 4820 ἔτι
809 4758 896 4838 τήνδε
918 4757 971 4838 τήν
994 4759 1088 4836 πόλιν,

366 4880 403 4944 εἰ
426 4875 465 4957 μὴ
492 4880 625 4955 φανερῶς
647 4875 729 4954 ἡμῶν
751 4874 883 4955 ὑπερεῖχε
906 4872 958 4953 τὴν
981 4899 998 4956 χ
1022 4923 1029 4938 .
1053 4924 1060 4939 .
1083 4921 1122 4939 ..

163 4977 394 5074 erspectamus
429 4996 518 5055 certe
552 4997 634 5070 χεῖρα
642 5010 652 5064 ;
685 4989 830 5053 audimus
864 4994 973 5053 autom
1008 4985 1133 5069 χύτραν,
1172 4988 1255 5069 quod
1286 4989 1326 5054 ad
1366 5009 1416 5072 ea,
