3172 5820
832 567 988 669 *τι*

287 734 459 816 Εὐριπίδης·
515 734 572 799 οἶδ’
596 733 700 818 ἄνδρα,
725 739 829 802 Μυσὸν
854 743 998 823 Τήλεφον.
1043 717 1124 806 AJK.
1169 742 1216 801 καὶ
1241 741 1385 823 Τήλεφον.

462 843 465 849 ’
514 849 620 913 τούτου
644 852 698 923 δὸς
720 853 865 935 ἀντιβολῶ
888 858 925 917 σέ
944 857 996 935 μοι
1019 854 1057 916 τοὶ
1081 853 1244 947 στόργαοα,

286 961 459 1044 Εὐριπίδης·
518 959 628 1041 cinai,
648 965 702 1038 δός
725 966 804 1046 αὐτῷ
831 971 966 1050 Τηλέφου
991 967 1152 1051 ῥακώματα
1219 1050 1230 1058 .

513 1061 603 1143 κοῖται
626 1079 653 1141 δ’
677 1069 796 1144 iinadab
818 1088 876 1143 τῶν
901 1084 1065 1146 Θυεστείων
1087 1084 1192 1162 ῥακῶν,

512 1190 620 1272 μοταξό
643 1203 701 1256 τῶν
723 1193 819 1266 'Ianua
843 1195 909 1257 laod
933 1198 1015 1258 ταυτὶ
1037 1197 1122 1276 λαβέ.

285 1301 484 1375 Δικαιόπολις·
512 1298 536 1366 d
558 1310 617 1369 Ζεῦ
644 1305 757 1369 διόπτα
776 1312 824 1370 καὶ
847 1305 982 1372 κατόπτα
1004 1312 1149 1391 πανταχῆ,

437 1451 439 1454 -
514 1417 757 1482 ἐνσκευάσασθαί
775 1421 805 1500 μ’
830 1417 894 1483 οἷον
916 1421 1105 1503 ἀθλιώτατον
1128 1425 1188 1486 κτλ.

391 1531 513 1611 Quibus
537 1533 614 1615 quid
636 1540 746 1617 potest
769 1554 842 1600 esse
866 1538 967 1618 magis
991 1536 1180 1601 ridiculum?
1203 1535 1333 1599 Etenim
1359 1553 1431 1601 cum
1454 1535 1534 1602 dicit

287 1634 310 1702 ὦ
332 1645 392 1704 Ζεῦ
415 1641 525 1707 διόπτα
547 1647 596 1706 καὶ
619 1645 752 1709 κατόπτα
776 1654 909 1731 πανταχῆ
933 1668 1072 1731 -quae
1095 1650 1155 1714 hoc
1177 1649 1247 1714 locu
1269 1622 1436 1730 precantis
1460 1667 1533 1713 esse

238 1753 244 1759 ’
288 1756 325 1822 Α.
349 1756 524 1823 Muellerus
547 1759 616 1824 iure
648 1761 778 1842 negavit
807 1799 847 1808 -
882 1762 1020 1827 laceram
1051 1768 1174 1829 vestem
1197 1763 1381 1844 Dicaepolis
1406 1761 1534 1828 extollit

291 1875 325 1934 et
358 1868 516 1937 foramina
550 1872 621 1937 cius
655 1873 851 1957 fissurasque
886 1876 1030 1955 miratur,
1065 1895 1124 1958 per
1156 1894 1238 1958 quae
1273 1875 1397 1942 coelum
1430 1875 1535 1958 possit

288 1986 444 2069 aspicere.
480 1989 581 2070 Quam
613 1990 654 2054 ob
690 2008 758 2055 rem
790 2010 850 2055 nec
889 1991 1082 2057 scholiastae
1112 2009 1281 2073 perperam
1319 1988 1534 2054 addiderunt:

288 2097 381 2160 ταῦτά
405 2117 502 2183 φησιν,
527 2103 587 2162 ἐπεὶ
610 2101 777 2181 τιολότρητα
801 2097 836 2184 ἦν
851 2102 888 2164 τὰ
911 2101 1008 2184 ῥάκια,
1032 2102 1070 2164 δι’
1095 2096 1134 2164 ὧν
1156 2096 1191 2184 ἦν
1214 2100 1311 2165 τιόκτα
1334 2105 1536 2181 ἐτασκοαῆσαι

249 2231 252 2237 ’
290 2218 324 2278 et
346 2214 482 2280 dilectus
506 2217 581 2280 mihi
615 2223 746 2299 praeter
777 2237 886 2282 omnes
908 2216 1082 2299 Berglerus
1114 2217 1273 2300 duplicem
1295 2217 1389 2281 buius
1420 2232 1535 2280 versus

289 2329 482 2393 sententiam
505 2330 551 2394 sic
574 2335 683 2395 nostro
707 2349 853 2396 sermone
877 2332 1017 2396 reddidit
1040 2331 1286 2396 venustissime:
1328 2330 1374 2409 „0
1399 2329 1535 2409 Iupiter,

291 2440 344 2524 qui
378 2428 482 2506 omnia
512 2432 669 2525 perspicis
704 2450 737 2508 et
775 2444 1087 2534 specula1·IS,qua1n
1127 2444 1317 2525 perspicuae
1359 2447 1435 2506 sunt
1474 2441 1534 2505 bae

291 2560 399 2619 vestes
438 2562 472 2621 et
509 2554 721 2638 perforatae.“
751 2559 865 2641 Insunt
896 2578 971 2624 vero
1005 2559 1084 2623 baec
1119 2558 1224 2623 omnia
1252 2557 1285 2620 in
1322 2555 1402 2638 ipsis
1425 2554 1535 2620 verbis

291 2664 416 2746 διόττης
453 2674 487 2732 et
524 2667 680 2748 κατόπτης.
719 2671 798 2735 Nam
829 2672 856 2736 si
888 2673 947 2736 hoc
978 2671 1046 2735 loco
1076 2671 1199 2752 Iupiter
1229 2688 1298 2733 eam
1327 2668 1368 2733 bb
1407 2685 1537 2732 causam

143 2791 146 2800 '
204 2780 213 2786 ’
291 2781 548 2872 aDicaeopolide
564 2782 688 2863 daturne
700 2785 826 2865 dicitur,
844 2785 929 2867 quod
945 2791 1052 2849 vestes
1070 2785 1177 2863 etiam,
1195 2802 1273 2865 quas
1290 2800 1415 2866 sursum
1432 2779 1537 2860 tollat,

292 2897 394 2976 possit
416 2897 612 2978 perspicere,
647 2898 769 2962 laceras
792 2898 863 2962 illas
895 2898 1024 2962 extendi
1048 2896 1231 2961 necessario
1256 2894 1428 2976 colligitur.
1469 2893 1537 2957 Nec

291 3014 398 3074 tamen
422 2997 537 3074 natura
571 3011 801 3092 quodammodo
835 3011 896 3075 bae
929 3029 1022 3076 voces
1054 2986 1221 3090 ambiguae
1252 3014 1327 3073 sunt
1362 3043 1403 3051 —
1438 3006 1536 3070 immo

292 3127 398 3187 certas
433 3123 552 3187 dixeris
585 3123 780 3205 minimeque
812 3124 923 3194 dubias
952 3164 992 3172 «-
1028 3124 1086 3188 sed
1121 3141 1231 3203 causa,
1270 3127 1403 3203 propter
1438 3117 1537 3210 quarn

288 3218 411 3317 Illpiier
427 3216 611 3314 διόπτηςκαὶ
624 3234 773 3316 κατόπτης
783 3241 915 3317 πανταχῆ
929 3237 992 3300 dici
1006 3237 1118 3318 pOSsii,
1134 3237 1264 3318 opipare
1277 3216 1536 3316 decipiebamlli;

217 3383 221 3392 ·
292 3348 429 3415 ridicula
452 3349 536 3415 enim
553 3356 624 3416 erat
640 3356 770 3433 praeter
787 3351 979 3432 opinionem,
1004 3369 1065 3415 non
1083 3347 1178 3432 seria,
1203 3354 1239 3413 ut
1255 3344 1535 3430 exspectabamus.

272 3462 371 3528 ,Hinc
395 3463 493 3546 igitur
515 3463 574 3529 hoc
598 3463 666 3528 loco
689 3482 751 3528 non
775 3464 908 3528 duarum
932 3463 1056 3528 illarum
1088 3481 1209 3540 vocum,
1243 3461 1301 3526 sed
1335 3460 1535 3533 totiusver-

218 3561 220 3566 ’
290 3595 344 3642 sus
367 3577 531 3659 pendebat
553 3575 753 3657 ambiguitas.
1172 3555 1173 3558 Ἴ

393 3689 451 3778 (b.)
464 3675 513 3755 Ab
528 3689 588 3755 hoc
600 3687 787 3756 facetiarum
802 3708 932 3771 genere,
953 3690 1037 3771 quod
1057 3694 1159 3754 totum
1172 3693 1319 3753 versatur
1331 3688 1364 3751 in
1376 3685 1536 3768 ambigui-

290 3809 367 3885 tate,
383 3803 477 3886 longe
489 3803 613 3868 alienus
631 3809 682 3868 est
696 3803 854 3884 genuinus
871 3802 924 3868 ille
949 3803 1170 3868 verborum
1192 3800 1320 3865 lusus.
1344 3798 1405 3880 Qui
1421 3819 1536 3882 quam-

291 3935 384 3998 quam
407 3936 471 3983 non
495 3921 585 3982 caret
606 3916 671 3996 illa,
697 3916 754 3980 sed
776 3935 880 3998 paene
896 3915 1046 3995 abundat,
1071 3920 1179 3980 tamen
1195 3913 1325 3979 sociatis
1341 3913 1537 3995 quibusdam

293 4011 466 4096 virtutibus
490 4036 548 4113 tot,
573 4034 650 4112 quot
673 4030 713 4093 ad
736 4028 903 4093 ridendum
926 4029 1098 4109 illecebris
1121 4027 1220 4110 priori
1244 4027 1291 4091 illi
1314 4027 1404 4091 lusus
1420 4027 1537 4107 generi

291 4141 384 4209 facile
406 4149 560 4228 praestat.

394 4256 522 4322 Etenim
546 4259 573 4322 Si
596 4257 667 4338 quis
691 4256 777 4320 ditat
798 4251 848 4315 ὐπ’
874 4252 989 4330 ἀνδρῶν
1011 4256 1148 4332 τοτηρῶτ
1171 4250 1324 4335 διώκομαι,
1348 4256 1405 4316 aui
1426 4249 1538 4331 fugam

291 4371 484 4453 hostiliaque
507 4371 611 4437 innuit
633 4375 689 4435 aut
710 4368 866 4452 postulari
890 4385 963 4432 sese
979 4368 1018 4432 ab
1041 4367 1147 4449 aliquo
1172 4373 1206 4431 et
1227 4367 1260 4431 in
1282 4367 1332 4431 ius
1348 4364 1417 4448 rapi
1434 4365 1538 4445 signi-

292 4484 376 4551 ficat.
401 4485 491 4565 Quod
507 4486 632 4552 etiamsi
656 4484 803 4550 videatur
818 4482 1009 4562 ambiguum,
1034 4481 1061 4546 si
1084 4480 1164 4546 haec
1187 4481 1255 4546 sola
1277 4480 1376 4546 rerba
1392 4482 1537 4561 spectes

293 4600 426 4682 reliquis
450 4604 681 4681 certatamen,
704 4614 914 4680 quaecunque
931 4571 1025 4674 sunt,
1049 4594 1199 4659 adimitur
1216 4593 1354 4658 sermoni
1378 4599 1412 4656 et
1427 4591 1537 4656 diScu-
1573 4675 1577 4686 .

293 4715 374 4778 titur
389 4702 508 4795 passim
523 4712 625 4778 omnis
640 4710 843 4791 ambiguitas.
867 4709 948 4774 Nam
964 4708 1164 4786 alterutrum,
1189 4708 1243 4788 qui
1266 4707 1312 4770 ita
1333 4705 1538 4788 loquebatur,

274 4827 395 4893 ‹voluit
416 4826 571 4908 iutellegi,
595 4845 660 4892 non
683 4829 862 4906 utrumque.
886 4822 979 4889 Unde
1002 4819 1048 4901 fit,
1072 4826 1108 4885 ut
1130 4822 1168 4901 is,
1192 4822 1248 4902 qui
1263 4837 1379 4901 graeco
1395 4820 1539 4883 sermoni
1583 4805 1584 4812 '

295 4941 343 5011 sit
360 4945 521 5026 assuetus,
544 4958 641 5011 unum
664 4939 756 5009 modo
780 4938 948 5007 verborum
971 4935 1097 5003 illorum
1120 4952 1250 5003 sensum
1274 4950 1347 5001 esse
1371 4931 1463 5009 sciat,
1494 4930 1539 4999 de
