3248 5828
668 564 709 630 39

61 747 176 813 Hosce
189 762 305 810 versus
321 740 368 808 sic
383 743 482 807 vertit
493 743 670 807 Kusterus:
693 743 765 820 „Tu
787 760 864 808 vero
881 740 1032 823 quidnam
1047 739 1154 807 fecisti
1169 741 1306 809 bibendo
1419 815 1422 820 ,
1525 804 1529 812 .

62 861 241 940 civitatem,
259 874 343 939 quae
357 854 549 936 garrulitate
573 861 629 920 tua
643 854 772 920 turbata
787 852 912 934 cogitur
926 860 1036 921 tacere
1045 855 1083 919 i“
1105 854 1306 921 Ribbeckus:

63 972 162 1053 „Und
185 989 251 1035 was
274 970 348 1040 hast
371 967 629 1048 du'getruuken,
661 967 734 1032 dass
762 986 797 1031 so
822 966 919 1032 scbdn
944 984 979 1031 es
1004 966 1054 1031 dir
1076 967 1228 1048 gegliickt
1251 969 1305 1049 ist,

63 1088 119 1152 die
144 1085 249 1164 Stadt,
272 1103 335 1148 von
358 1082 409 1146 dir
429 1079 527 1162 allein
543 1080 747 1161 bescbwatzt,
771 1098 850 1160 ganz
866 1080 1050 1145 mausetodt
1072 1100 1112 1147 zu
1127 1080 1308 1157 macbeni“
1347 1133 1355 1143 .

63 1201 124 1267 Th.
147 1200 290 1266 Kockius
320 1197 361 1263 ad
391 1199 481 1256 πίνων
511 1194 701 1261 annotavit?
738 1193 1022 1272 „instrumentales
1059 1194 1230 1276 Particip,“
1268 1194 1309 1259 ad

63 1312 118 1394 τὴν
141 1311 241 1377 noba:
266 1310 483 1392 ‚‚Prolepsis.“
1272 1373 1274 1378 ,

170 1427 243 1492 Alia
264 1427 364 1507 igitur
386 1423 442 1488 alii
465 1422 563 1488 verba
585 1421 764 1487 iunxerunt.
797 1424 842 1488 Ac
859 1422 1025 1489 ⁴Kusterus
1055 1423 1194 1505 quidem,
1233 1441 1306 1487 cum

64 1562 130 1610 non
155 1546 279 1606 temere
302 1538 487 1617 „bibendo“
503 1536 712 1617 „civitatem‘
728 1536 816 1601 iuxta
830 1538 985 1619 posuerit,
1010 1539 1099 1596 nabao
1122 1534 1187 1616 (aba
1210 1532 1308 1617 nitu)

65 1654 280 1721 exhauriendi
303 1671 401 1718 seusu
423 1650 558 1730 accepit.
583 1650 671 1728 Quae
695 1651 864 1715 verborum
886 1652 975 1711 πίνειν
999 1655 1033 1715 et
1055 1652 1219 1710 καταπίνειν
1243 1649 1311 1730 sig-

63 1769 221 1845 nificatio,
245 1781 556 1849 quamquam-saepe
577 1764 738 1844 reperitur
761 1769 795 1828 et
817 1763 876 1829 hoc
898 1762 968 1831 loco
992 1763 1087 1829 edam
1111 1782 1174 1828 non
1190 1764 1311 1829 medio·

66 1901 157 1947 crem
181 1882 351 1946 verborum
375 1878 479 1942 lusum
503 1876 603 1941 efficit
627 1877 882 1959 -praesertim
913 1896 983 1942 curn
1014 1878 1044 1937 τί
1075 1877 1125 1934 dal
1142 1874 1237 1940 facile
1270 1875 1312 1943 ad

67 1986 344 2074 πεποιήκας,·ὥστε
366 1995 425 2053 κτλ,
453 1989 678 2055 referatur-
702 1996 809 2055 tamen
833 1990 1000 2072 participio
1023 1989 1312 2069 κατεγλωττισμένην,

69 2110 159 2192 quod
181 2109 314 2175 verbum
345 2107 387 2171 ad
420 2105 667 2170 reconditiorem
703 2104 892 2186 plerumque
928 2103 1125 2185 voluptatem
1159 2103 1312 2186 pertinet,

66 2221 222 2302 adducor,
245 2225 281 2284 ut
305 2221 404 2284 etiam
428 2221 518 2278 nium
540 2215 591 2297 τὴν
614 2215 699 2278 πόλιν
721 2217 903 2298 longealio
926 2235 1023 2282 sensu
1046 2217 1166 2281 dictum
1191 2222 1313 2298 putem,
1413 2229 1415 2236 ·

66 2341 169 2416 atque
192 2334 239 2399 illi
262 2333 440 2398 voluerunt
488 2332 676 2413 Quicunque
693 2331 947 2412 Aristophanicis
965 2330 1071 2395 literis
1086 2331 1227 2396 imbutus
1253 2336 1315 2406 est,

66 2448 165 2512 facile
188 2448 268 2512 Ran.
291 2465 338 2512 vs.
364 2446 428 2509 740
449 2445 681 2511 recordabitur.

172 2561 356 2640 Interrogat
378 2559 477 2640 igitur
499 2557 658 2624 isiciarius
682 2558 831 2639 idemque
854 2560 897 2625 ad
918 2559 1119 2640 interrogata
1134 2578 1193 2643 per
1206 2557 1315 2634 lusum

67 2675 257 2762 respondet,
280 2674 384 2737 itaut
409 2672 637 2754 nequissimam
660 2672 977 2755 sordidissimamque
994 2673 1122 2739 Cleonis
1146 2673 1312 2739 audaciam

69 2788 189 2854 acerbe
213 2787 421 2870 perstringat.

176 2890 270 2983 Equ.
295 2919 347 2965 vs.
370 2899 444 2963 407.

175 3016 312 3079 Dixerat
335 3013 450 3079 chorus
475 3031 511 3077 se
536 3012 687 3083 Cleonem
711 3015 821 3080 odisse
845 3021 879 3080 et
903 3033 938 3080 se
962 3015 1144 3096 gavisurum
1177 3033 1261 3098 esse,
1286 3014 1314 3081 si

71 3129 211 3212 quaudo,
234 3145 316 3211 quae
340 3129 503 3192 corumoda
525 3128 617 3192 malis
641 3129 763 3193 artibus
788 3130 1012 3212 quaesivisset,
1036 3131 1084 3195 iis
1100 3130 1184 3195 male
1207 3131 1313 3213 priva-

71 3250 177 3323 retur3
215 3248 283 3306 turn
313 3241 403 3306 addit
432 3261 494 3307 uon
527 3260 562 3305 se
594 3241 695 3306 solum
723 3248 924 3307 cantaturum
948 3261 1022 3308 esse
1060 3251 1133 3323 πῖνε,
1173 3241 1231 3303 πῖν’
1267 3244 1315 3303 ἐπὶ

72 3363 260 3436 συμφοραῖς,
299 3355 357 3419 Sed
396 3355 492 3419 etiam
532 3352 583 3413 τὸν
618 3352 754 3429 Ἰουλίου,
805 3357 926 3434 γέροντα
968 3359 1155 3437 πυῤῥοπίπην
1193 3355 1313 3437 ἡσθέντ’

73 3471 261 3550 ἰηπαιωνίσαι
284 3463 328 3531 ἄν.

182 3580 242 3644 Τὸν
264 3579 382 3641 Ἰουλίου
414 3599 477 3645 non
513 3586 573 3662 est,
612 3583 665 3663 qui
696 3582 755 3648 bac
787 3588 897 3648 aetate
931 3583 1099 3665 defendat3
1133 3603 1207 3650 nam
1230 3587 1315 3668 quod
1405 3587 1406 3590 ’

72 3698 256 3764 Meinekius
280 3696 312 3759 m
335 3695 459 3760 vinoso.
476 3695 636 3777 aristoph.
653 3696 706 3760 no.
723 3717 753 3778 p.
778 3695 1019 3780 supraposuit:
1047 3703 1127 3778 „aaa
1149 3673 1315 3774 novaram,

73 3813 123 3877 W.
147 3808 333 3876 Ribbeckus
357 3816 400 3889 et,
425 3810 478 3892 qui
502 3810 583 3874 banc
614 3810 808 3875 comoediam
838 3813 924 3892 apud
946 3812 1174 3877 Weidmannos
1203 3813 1314 3896 edidit,

73 3928 130 3991 Th.
154 3925 306 4005 Kockius,
330 3929 454 3989 tantum
477 3941 539 3988 nou
564 3925 596 3987 in
620 3927 743 3988 textum
759 3917 961 4006 receperunt.
987 3927 1127 4004 Quorum
1144 3947 1212 3992 cum
1230 3928 1314 3993 alter

73 4046 167 4107 vetus
198 4039 394 4122 paroemiam
417 4038 573 4117 attulerit,
610 4056 671 4119 quo
701 4037 785 4104 bunc
807 4039 911 4103 locum
943 4040 1127 4122 explicaret,
1166 4042 1315 4120 „Bautica

75 4149 219 4226 δικάζὲι“,
243 4153 326 4217 alter
349 4151 553 4215 consentiens
578 4170 648 4216 curn
671 4151 724 4215 illo
756 4154 908 4217 uerterit:
945 4153 1009 4235 „Er
1042 4154 1086 4218 ist
1120 4155 1178 4219 der
1207 4155 1313 4236 Manu,

75 4271 134 4335 der
156 4269 269 4333 immor
291 4266 383 4348 will,“
408 4264 477 4329 fere
501 4265 603 4344 doleo,
628 4265 712 4346 quod
735 4266 927 4347 Meinekius‚
960 4268 1047 4349 quid
1068 4287 1150 4334 nova
1173 4268 1313 4333 lectione

75 4383 175 4450 vellet
197 4379 380 4462 significari,
409 4398 471 4443 non
501 4377 646 4460 pluribus
678 4380 828 4444 ostendit.
866 4380 934 4461 Ego
969 4382 1053 4445 enim
1088 4401 1151 4447 non
1188 4381 1228 4445 de
1252 4400 1314 4447 uno

75 4497 159 4562 Bulii
183 4495 257 4573 filio,
281 4482 435 4575 quisquis
448 4491 502 4556 ille
527 4497 606 4572 erat,
631 4492 818 4576 cogitabam,
850 4495 908 4559 sed
941 4501 1041 4561 totam
1065 4493 1177 4576 βουλήν
1208 4494 1314 4576 desig·

75 4613 144 4678 nari
168 4607 355 4674 existimavi.
381 4605 487 4685 Quid?
511 4625 581 4671 oum
605 4625 668 4671 una
690 4607 785 4671 Demi
807 4627 946 4690 persona
967 4608 1067 4675 totius
1082 4609 1199 4693 populi
1214 4609 1314 4674 Athe·

76 4725 196 4793 niensis
220 4726 328 4804 partes
352 4725 438 4802 agat,
461 4738 519 4801 per
535 4738 631 4784 unum
647 4720 735 4784 illum
753 4721 836 4786 Bulii
857 4722 956 4788 filium
973 4721 1081 4803 βουλήν
1105 4730 1140 4788 et
1156 4721 1316 4804 βουλευτάς

75 4844 171 4923 poeta
193 4854 256 4900 non
286 4832 428 4915 potuerit
459 4833 661 4913 significare?
692 4835 835 4914 Accedit,
870 4837 954 4918 quod
983 4837 1016 4900 in
1046 4855 1110 4901 uss.
1146 4837 1220 4919 395),
1252 4835 1315 4899 396

75 4954 145 5037 ipse
170 4951 246 5016 Cleo
269 4967 415 5030 magnam
438 4944 527 5011 illam
550 4947 753 5014 buleutarum
777 4950 810 5016 in
833 4969 869 5018 se
891 4951 1027 5033 gratiam
1043 4951 1188 5027 iactavit,
1210 4951 1258 5014 ita
1279 4955 1315 5020 ut
