3172 5820
879 659 921 723 20

274 827 496 918 'arrogavisse
532 835 589 899 sed
620 835 650 898 ei
682 835 733 898 rei
764 834 818 898 uni
850 833 1023 913 studuisse,
1060 840 1107 909 ut,
1138 852 1231 916 quem
1263 851 1323 914 ego
1353 833 1539 899 verborum⁴

285 952 388 1015 lusum
412 949 551 1015 dicerem
574 948 662 1013 velut
696 949 811 1042 erudi
834 947 1110 1029 incompositaque
1133 947 1216 1012 mole
1256 982 1295 994 —-
1334 946 1416 1010 adeo
1441 945 1531 1010 enim

285 1063 429 1146 plerique
451 1061 556 1127 omnia
571 1061 723 1137 miscent,
748 1054 895 1140 turbant,
915 1059 1134 1125 diversissima
1157 1059 1270 1124 eodem
1294 1058 1423 1123 nomine
1440 1075 1531 1121 com-

285 1176 529 1259 plectuntur-
554 1175 721 1239 enucleate
745 1193 959 1255 segregarem.

339 1364 344 1372 ,
388 1289 516 1354 Etenim
540 1288 642 1352 simile
666 1288 793 1370 aliquid·
810 1290 842 1352 in
858 1287 1113 1370 Aristophauicis
1135 1286 1242 1349 literis
1266 1284 1425 1349 accidisse
1448 1286 1530 1365 puto

289 1407 386 1513 atque!
408 1402 441 1466 in
465 1401 732 1467 Demosthenicis.
779 1403 881 1468 Sicuti
912 1418 1022 1466 ornnes
1057 1418 1120 1466 uno
1144 1418 1199 1464 ore
1224 1399 1431 1482 Olynthiacas
1460 1398 1532 1461 eius

278 1517 448 1601 pomtiones
466 1517 597 1587 summis
612 1516 761 1581 laudibus
777 1516 944 1597 extollunt,
969 1515 1095 1598 quando
1119 1520 1154 1579 et
1177 1534 1238 1597 quo
1263 1514 1377 1578 ordine
1393 1512 1528 1578 habitae

287 1630 359 1709 sint,
385 1629 589 1709 dissentiunt,
629 1630 720 1710 quasi
751 1629 846 1710 digna
881 1630 922 1694 sil
955 1629 1166 1709 admiratione
1200 1629 1313 1711 oratio,
1350 1644 1446 1709 quam
1490 1625 1530 1690 ad

288 1743 452 1823 quaelibet
475 1746 620 1824 tempora
642 1739 766 1807 referre
797 1749 831 1807 et
855 1743 944 1808 velut
973 1730 1180 1807 accomodare
1210 1742 1317 1822 liceat,
1352 1741 1399 1805 ita
1431 1739 1533 1804 etiam

287 1839 534 1936 Aristophanem
558 1856 618 1919 viri
641 1855 726 1921 docti
751 1857 882 1921 summis
906 1856 1094 1938 quibusdam
1127 1874 1231 1938 paone
1263 1856 1328 1920 dixi
1363 1852 1533 1918 blanditiis

287 1972 500 2048 assectantur,
524 1967 689 2033 celebrant
711 1969 941 2051 lepidissimam
967 1969 1036 2034 cius
1061 1969 1296 2035 comoediarum
1311 1971 1532 2047 venustatem,

288 2084 320 2146 in
342 2081 439 2146 rebus
462 2082 656 2164 vocibusque
680 2082 837 2163 fingendis
861 2081 1048 2147 effrenatam
1079 2083 1148 2146 eius
1179 2082 1342 2147 licentiam
1366 2080 1534 2144 admiran-

217 2240 219 2243 -
288 2200 350 2275 tur,
374 2201 507 2277 stupent
528 2195 762 2278 inaequabilem
785 2196 959 2274 audaciam,
983 2195 1203 2261 incredibilem
1225 2196 1379 2278 leporem,
1403 2192 1534 2258 inaudi-

289 2314 338 2373 tas
362 2307 496 2373 facetias
520 2309 708 2391 praedicant
730 2309 918 2374 catervatim
941 2309 1061 2391 ——qui
1093 2310 1162 2373 sint
1183 2309 1244 2374 ioci
1257 2308 1323 2387 -illi,
1348 2313 1383 2372 et
1407 2306 1536 2390 qualeS,

288 2423 380 2505 pauci
416 2428 544 2502 curant;
571 2423 671 2505 „ludit
693 2423 877 2502 nimirum“,
900 2422 1058 2504 inquiunt,
1085 2421 1225 2502 ,illudit,
1250 2421 1395 2501 alludit“,
1421 2425 1536 2486 tacent

288 2536 422 2620 reliqua.

392 2649 470 2714 Inde
502 2650 614 2732 opinor
644 2649 762 2714 iactum
794 2653 854 2728 est,
885 2653 923 2713 ut
952 2648 1006 2712 alii
1039 2648 1203 2730 ambiguas
1235 2665 1330 2714 voces
1370 2649 1535 2727 dicerent,

288 2781 370 2844 quae
393 2781 554 2844 uunquam
577 2761 726 2837 fuissent,
750 2761 805 2857 alii
829 2768 989 2844 -prout
1020 2781 1179 2844 quemque
1211 2762 1309 2827 libido
1345 2762 1445 2826 traxit
1476 2766 1536 2826 aut

289 2892 403 2940 caccus
428 2875 651 2957 Aristophanis
674 2893 763 2940 amor
790 2911 825 2920 -
857 2875 1028 2939 verborum
1057 2876 1147 2940 lusus
1179 2879 1371 2954 statuerent,
1404 2875 1459 2940 ubi
1492 2893 1536 2938 ne

289 3009 368 3056 sana
390 2989 529 3072 quidem,
556 2989 672 3053 nedum
696 2988 804 3052 iocosa
827 2989 997 3053 verborum
1017 2994 1106 3053 esset
1123 2986 1313 3054 coniunctio.
1339 2988 1423 3067 Quid
1447 2988 1537 3070 quod

290 3106 497 3170 inveniuntur
520 3103 684 3185 intereos
706 3102 806 3183 lusus,
831 3121 910 3184 quos
934 3104 1145 3168 dormitantes
1169 3104 1361 3170 scholiastae
1384 3110 1535 3186 praeter-

290 3220 400 3284 ierunt
421 3206 473 3282 sat
495 3218 621 3305 multos,
648 3235 781 3299 quorum
804 3235 906 3299 usquo
930 3217 970 3281 ad
993 3218 1074 3282 hanc
1106 3222 1247 3283 aetatem
1281 3238 1300 3282 a
1324 3218 1402 3283 viris
1426 3217 1535 3282 doctis

291 3332 377 3397 nulla
401 3331 445 3395 sit
466 3330 552 3396 facta
574 3329 710 3394 mentio!
736 3329 827 3407 Quod
850 3335 957 3395 utrum
981 3330 1125 3395 consulto
1149 3351 1189 3397 an
1211 3331 1348 3398 fortuito
1368 3332 1536 3419 evenerit,

294 3464 484 3529 quamquam
508 3463 620 3527 parum
644 3463 743 3526 saepe
761 3449 895 3525 constat,
921 3451 1039 3526 tamen,
1064 3446 1210 3526 quoniam
1235 3451 1365 3528 praeter
1388 3446 1537 3543 illos,de

293 3560 407 3642 quibus
430 3559 510 3623 mihi
533 3560 661 3624 videtur
685 3559 921 3640 disputandum,
946 3560 997 3624 vel
1018 3559 1156 3623 maxime
1178 3561 1343 3642 perspicui
1363 3561 1536 3625 verborum

293 3673 382 3737 lusus
406 3677 482 3738 nota
504 3672 612 3754 aliqua
635 3691 698 3738 non
721 3672 843 3753 indigni
868 3676 943 3736 sunt
965 3673 1077 3752 habiti,
1106 3672 1177 3736 illos
1192 3732 1195 3737 .
1210 3692 1278 3753 ego,
1308 3679 1467 3755 quotquot
1489 3659 1535 3737 in-

294 3787 421 3852 venisse
444 3785 524 3850 mihi
547 3786 666 3864 videor,
691 3785 863 3868 diligenter
880 3786 1086 3868 perscribam.
1111 3787 1216 3851 Antea
1231 3805 1307 3851 varo
1321 3787 1361 3851 ad
1383 3789 1534 3876 reliquos

295 3886 411 3991 quippo
435 3899 475 3963 de
499 3900 614 3981 quibus
638 3883 701 3964 iam
725 3901 765 3964 ab
789 3899 860 3964 aliis
885 3900 1107 3981 quoquomodo
1130 3905 1235 3964 actum
1271 3901 1324 3983 sit,
1359 3902 1535 3966 constituto

296 3995 406 4080 ordine
430 4014 635 4095 exponendos
658 4013 817 4099 accedam.
1068 3994 1078 4016 ⁹

400 4127 521 4207 Quibus
544 4128 576 4191 in
599 4128 696 4191 rebus
728 4145 867 4191 summas
901 4127 1005 4191 latere
1039 4125 1255 4210 difficultates,
1289 4128 1361 4210 quis
1391 4135 1452 4208 est,
1482 4129 1536 4210 qui

296 4260 347 4306 me
370 4221 464 4324 putet
493 4242 668 4323 ignorare?
696 4241 841 4323 Namque
863 4259 956 4305 omne
980 4241 1204 4322 Aristophanis
1232 4243 1373 4306 studium
1397 4243 1535 4307 incredi-

297 4356 354 4420 bili
376 4356 485 4422 labore
513 4356 686 4438 impeditur
717 4361 750 4419 et
779 4355 839 4420 hoc
872 4355 1064 4436 praesertim
1104 4357 1325 4437 quaestionum
1357 4373 1458 4436 genus
1489 4357 1537 4419 in·

299 4470 442 4535 numeris
467 4469 656 4552 quibusdam
683 4468 785 4533 veluti
816 4469 964 4550 scopulis
989 4468 1029 4532 ad
1053 4488 1132 4550 quos
1164 4471 1351 4549 adhaereas,
1387 4469 1537 4549 abundat,

300 4583 417 4665 quippe
441 4583 473 4647 in
498 4602 559 4665 quo
582 4582 674 4664 plura
696 4581 806 4646 multis
842 4601 860 4646 e
898 4583 988 4665 privo
1020 4584 1186 4665 scriptoris
1214 4584 1348 4648 arbitrio
1386 4583 1537 4664 pendere,

300 4715 392 4778 quam
416 4697 513 4762 certis
538 4695 726 4778 quibusdam
750 4697 948 4777 argumentis
972 4695 1075 4761 evinci
1088 4715 1183 4779 posse
1198 4697 1376 4762 videantur.
1401 4696 1563 4760 Tantum-

300 4827 375 4874 vero
399 4796 501 4890 qbest‚
526 4809 634 4873 uthis
658 4806 909 4887 difficultatibus
941 4828 1021 4890 quas
1053 4811 1087 4874 F.
1123 4811 1160 4876 V.
1195 4811 1382 4890 Fritzschio,
1419 4827 1560 4873 summo·

299 4921 348 4985 his
372 4922 404 4985 in
428 4922 533 4986 literis
557 4921 635 4999 viro,
659 4940 752 4986 nemo
776 4920 951 4986 delineavit
974 4926 1030 4986 aut
1064 4923 1189 4988 doctius
1220 4928 1277 4987 aut
1308 4921 1498 5004 elegantius,
1516 4921 1547 5004 ¹)

305 5065 503 5074 --..--.——-

409 5114 425 5180 ¹)
444 5116 473 5168 in
492 5110 577 5187 prael.
598 5114 632 5169 ad
652 5109 949 5182 Thesmophoriazusas,
970 5114 1040 5183 (pag.
1060 5111 1091 5166 X.
1111 5113 1181 5183 sqq.)
