3172 5820
779 620 823 686 43

726 712 880 720 ——-

171 786 377 855 mentionem
421 809 494 857 esse
528 789 647 857 iactam
687 795 897 876 reputaverit,
920 795 1014 862 facile
1048 797 1104 862 ille
1138 799 1266 864 nomine
1301 796 1425 881 ἀρχέλας
1548 795 1553 804 “

164 901 260 968 vocis
284 899 379 972 iidie
411 909 523 971 sonum
555 907 646 971 reddi
675 908 736 972 sibi
768 909 992 990 persuadebit3
1027 909 1112 974 idern
1143 912 1228 976 enirn
1264 913 1315 977 hic
1337 913 1425 978 valet

163 1013 307 1095 adoxius,
345 1036 383 1082 ac
417 1019 444 1084 si
476 1018 612 1093 dixisset
641 1026 738 1103 poeta
772 1019 945 1103 cipp-olicis,
979 1024 1049 1088 sive
1084 1025 1184 1090 mavis
1216 1022 1424 1108 oillandozoe.

166 1130 293 1193 lentes
330 1129 451 1212 igitur:
501 1134 604 1213 „Quid
641 1135 697 1200 tibi
735 1154 806 1201 cum
840 1135 1029 1229 botulis?
1066 1136 1253 1220 'Populos
1286 1150 1424 1220 regnare

170 1245 377 1310 mementol“
522 1324 524 1330 Ι
591 1312 593 1320 ,
1380 1283 1383 1286 -
1418 1279 1421 1285 ·

281 1360 327 1425 Ac
365 1379 518 1427 summam
550 1361 679 1444 quidem
710 1363 809 1428 totius
840 1364 903 1430 ioci
933 1364 996 1429 iarn
1032 1365 1237 1433 scholiastae*
1258 1366 1419 1434 uiderunt.

181 1475 230 1541 Sic
262 1475 347 1540 enirn
381 1511 419 1524 -·
453 1494 518 1556 qua
549 1476 588 1540 de
618 1494 662 1558 re,
685 1465 826 1542 celamur
859 1477 900 1543 ab
934 1478 984 1559 iis,
1020 1480 1075 1562 qni
1109 1485 1184 1545 ante
1216 1481 1423 1546 Duehneram

181 1588 298 1654 scholia
321 1588 568 1670 Aristophanioa
591 1588 764 1654 ediderunt
786 1594 983 1656 -auctore
1000 1591 1149 1659 Bentleio
1172 1594 1205 1659 in
1227 1593 1325 1659 schol.
1350 1595 1421 1669 cod<

180 1705 256 1768 Veli.
273 1704 463 1784 legendum:
487 1701 627 1784 ἀρχέλττςε
649 1700 762 1785 Ἄρχων
777 1709 829 1764 τοῦ
845 1705 929 1765 λαοῦ.
946 1703 1074 1784 ἡγεμών,
1091 1705 1224 1788 ἔξαρχος,
1241 1705 1424 1786 δημαγωγός.

180 1815 277 1884 ἔπαιξε
311 1817 344 1876 δὲ
375 1821 417 1893 τῷ
451 1815 583 1895 ὀνόματι.
619 1819 696 1896 φησί
723 1818 777 1896 γὰρ
807 1813 909 1894 ἄρξεις.
928 1823 989 1889 Ιτοῦ
1021 1821 1110 1879 alioci
1141 1820 1213 1903 (pro
1242 1825 1296 1881 τοῦ
1326 1822 1424 1900 λαοῦ.)

182 1933 268 2010 Quae
292 1932 462 1996 verborum
486 1930 725 1996 similitudo-
750 1928 902 2012 ἀρχ-ελεός
925 1932 995 1997 dico
1018 1931 1061 2017 (v.
1085 1953 1113 1997 v.
1140 1933 1214 2018 152)
1238 1938 1274 1998 et
1288 1930 1425 2014 ‚duplice

182 2082 212 2092 -—
246 2064 437 2127 quamquem
468 2050 520 2109 est
542 2046 677 2127 tantula,
714 2064 808 2126 quam
832 2046 949 2126 Magno
973 2045 1120 2111 Bentleio
1156 2046 1188 2112 iu
1220 2047 1421 2112 emendando

181 2157 298 2224 scholio
323 2158 414 2240 sequi
439 2158 576 2238 licuerit,
612 2164 720 2223 tamen
755 2178 825 2224 curn
850 2155 940 2218 ἀλλᾶς
976 2164 1011 2224 et
1032 2157 1261 2238 ἀλλαντοπώλης
1293 2160 1423 2225 nomina
1450 2189 1454 2196 ’

177 2292 234 2354 per
258 2278 358 2337 totam
383 2273 577 2337 comoediam
601 2272 762 2336 iactentur
785 2272 978 2352 sexcenties,
1002 2272 1213 2354 Agoracritus
1236 2271 1290 2337 ille
1311 2278 1421 2338 atten-

177 2386 301 2451 tissimo
338 2389 453 2468 cuique
487 2386 661 2467 spectatori
701 2382 850 2467 ἀρχαλλᾱς
879 2386 980 2467 magis
1020 2405 1114 2469 quam
1149 2383 1287 2466 ἀρχελεός
1320 2385 1425 2451 videri

177 2500 319 2580 debebat
341 2504 474 2565 vocatus
499 2517 581 2563 esse.

280 2615 377 2679 Nub.
400 2633 458 2679 vs.
483 2614 534 2677 44.

280 2715 487 2810 Strepsiades
525 2726 733 2795 Atheniensis
768 2718 901 2810 propter
935 2745 991 2792 aes
1030 2727 1180 2810 alienum,
1216 2728 1301 2811 quod
1335 2724 1421 2794 iilius

175 2842 343 2917 conflavit,
378 2842 577 2923 gravissimis
613 2842 699 2906 curis
734 2846 869 2906 vexatus
903 2839 1024 2906 frustra
1064 2846 1200 2906 conatur
1230 2839 1420 2908 obdormire:

178 2957 279 3034 Quem
304 2957 360 3021 nbi
391 2955 620 3022 animadvertit
654 2955 715 3020 huc
745 2954 824 3019 illuc
856 2955 889 3018 in
924 2953 1010 3020 lecto
1045 2973 1081 3020 se
1115 2956 1310 3036 versantem,
1339 2974 1421 3038 quae

180 3089 275 3134 causa
299 3071 342 3134 sit
364 3071 552 3149 insomniae,
588 3069 672 3133 filius
704 3068 951 3150 expergefactus
985 3069 1176 3161 interrogat.
1213 3071 1259 3134 hc
1287 3069 1424 3151 primuni

178 3185 305 3267 quidem
328 3185 465 3266 benigne
488 3185 553 3249 lilio
577 3203 675 3249 senex
698 3184 873 3266 respondet
896 3182 1067 3265 lepideque
1091 3201 1163 3247 cum
1186 3182 1243 3247 illo
1260 3201 1279 3246 a
1295 3181 1421 3248 fenera

179 3299 299 3365 toribus
339 3317 414 3363 sese
449 3298 548 3363 veluti
585 3297 751 3362 cimicibus
786 3297 944 3378 exagitari
976 3297 1192 3378 conqueritur.
1229 3296 1309 3360 Tum
1344 3310 1422 3362 vero

178 3413 350 3493 pronubae,
375 3431 469 3494 quae
487 3410 549 3475 init
572 3411 741 3493 quondam,
774 3410 859 3474 male
880 3416 1033 3492 precatus
1063 3409 1116 3474 hia
1136 3409 1257 3491 'pergit
1279 3406 1423 3493 Strepsi·
1546 3437 1557 3513 2

179 3527 256 3591 ades
279 3526 312 3590 in
335 3545 380 3590 vs.
404 3525 464 3589 43:

260 3705 264 3712 ,
384 3641 449 3715 ἐμοὶ
472 3636 526 3716 γὰρ
549 3629 584 3716 ἦν
607 3632 743 3716 ἄγροικος
766 3630 889 3717 ἥδιστος
911 3639 987 3717 βίος,

384 3748 537 3831 εὐρωτιῶν,
561 3747 765 3830 ἀκόρητος,
784 3753 846 3830 εἰκῇ
870 3753 1043 3828 κείμενος..
1062 3797 1067 3811 .
1091 3743 1152 3808 eci.

178 3883 257 3949 quos
281 3866 458 3932 versiculos
482 3867 529 3930 sic
551 3867 652 3932 vertit
674 3865 867 3946 Berglerus:
895 3863 973 3928 Mihi
1006 3862 1092 3928 eninr
1114 3861 1238 3927 rustica
1258 3862 1328 3928 vita
1350 3867 1423 3928 erat

177 3981 376 4061 suavissime,
401 3980 557 4063 squalida,
581 3980 752 4062 incompta,
776 3978 989 4059 neglegenter
1011 3976 1148 4041 abiecta.
1221 4001 1225 4006 ’
1312 3991 1316 3997 ·
1466 3970 1468 3986 ⁵

282 4095 402 4173 Quodsi
425 4094 490 4173 ille,
515 4111 597 4174 quae
619 4093 758 4158 voluerit
780 4090 929 4171 intellegi
951 4087 1250 4171 poetafiutellexit,
1266 4085 1424 4168 ciuicam

175 4208 338 4273 adiectivo
362 4208 537 4289 sordidum,
556 4206 748 4289 squalidum,
765 4207 933 4286 impurum,
957 4203 1164 4282 immundum,
1181 4221 1298 4284 scopae
1313 4201 1423 4267 labore

174 4323 332 4386 intactum
349 4320 551 4402 significavit.
568 4321 675 4402 hune
692 4325 744 4383 est
758 4315 903 4400 proiecto
919 4317 1000 4381 haec
1016 4315 1272 4396 scholiastarnm',
1292 4313 1422 4395 Saldae,
1441 4404 1443 4409 ⁴

176 4437 342 4501 doctorum
368 4434 506 4499 virorum
530 4434 669 4500 omnium
694 4435 867 4497 sententia.
890 4430 1035 4508 Quorum
1058 4448 1251 4512 quamquam
1282 4445 1343 4494 nec
1366 4421 1443 4511 po*⁴

177 4552 241 4615 tuit
263 4569 323 4616 nec
345 4550 466 4632 poterit
489 4567 628 4630 unquam
652 4547 824 4627 effringere
847 4545 1083 4623 anctoritatem
1107 4549 1215 4608 utrum
1238 4542 1423 4626 Hesychius

179 4665 268 4729 verbi
291 4663 425 4728 alicuius
447 4662 633 4727 memoriam
656 4661 747 4725 nobis
769 4643 947 4740 prodiderit
971 4675 1082 4736 necne,
1112 4675 1181 4723 oon·
1199 4661 1310 4722 tamen
1339 4655 1422 4722 ritu·
1545 4657 1547 4663 ’

180 4780 305 4863 perabit
328 4778 505 4859 quisquam,
531 4777 568 4856 si,
592 4776 674 4859 quod
700 4774 888 4840 vocabulum
910 4771 969 4836 hoc
993 4789 1093 4835 sensu
1114 4770 1291 4835 adhibitum
1313 4768 1423 4834 estin

180 4895 277 4959 totius
302 4890 499 4957 Graecitatis
522 4889 681 4956 versiculo
704 4887 802 4962 nullo,
837 4905 878 4950 ne
911 4886 945 4949 in
968 4883 1121 4968 Hesychii
1156 4883 1286 4966 quidem
1315 4883 1422 4948 lexico

179 5007 272 5075 oliam
296 5005 391 5089 quarn
414 5005 499 5088 apud
514 5005 688 5070 Homerum
704 5002 823 5066 habere
847 4999 1010 5066 notionem
1026 4994 1277 5063 meminer'unua
1300 4994 1423 5084 Canas
