3172 5820
713 568 868 670 „rs-

172 741 284 821 altero,
310 741 365 822 qui
389 749 520 824 praeter
542 745 626 809 hunc
640 720 683 810 *in
706 745 753 810 iis·
770 745 874 828 possit
900 746 1019 824 inesse,
1054 761 1096 808 ne
1135 742 1255 824 cogitet
1271 743 1412 825 ¹quidem

168 856 232 921 nisi
256 857 404 922 coactus'
437 857 587 940 Cogimur
608 866 726 942 autem,
752 865 787 924 ut
811 861 971 942 duplicem
995 857 1195 939 triplicemve
1233 857 1296 924 vim
1319 875 1412 923 voca-

165 971 241 1036 bula
264 972 420 1052 quaedam
437 972 556 1038 habere
573 973 749 1038 sentiamus
767 978 843 1053 tum,
868 993 943 1038 cum
955 971 1054 1037 verbe
1069 969 1133 1036 alia
1154 970 1195 1035 ad
1210 969 1289 1035 alias
1313 970 1413 1036 ombi-

171 1104 254 1167 guae
285 1085 373 1151 vocis
408 1087 557 1151 notiones
593 1091 743 1169 spectare
780 1086 1007 1168 intellegimus.
1045 1068 1141 1166 Quod
1171 1091 1207 1150 ut
1243 1081 1413 1149 defendam

171 1173 329 1283 exemplo,
367 1200 407 1266 iis
430 1201 657 1283 Aristophanis
692 1201 838 1266 versibus
869 1206 949 1280 utar,
984 1201 1017 1265 in
1052 1200 1167 1282 quibus
1204 1199 1309 1281 ipsum
1335 1198 1421 1262 illud·

169 1312 336 1377 διώκεσθαι
358 1316 505 1381 habetur.
550 1314 600 1380 Ad
622 1315 847 1380 Acharneuses
881 1315 980 1395 igitur
1008 1319 1217 1394 revertamur,
1253 1311 1342 1377 cuins
1365 1309 1413 1376 ia·
1515 1311 1516 1317 ’

166 1429 263 1494 bulae
287 1428 487 1511 antistropha
510 1429 664 1511 quaedam
689 1428 735 1494 sic
758 1429 871 1511 incipit
893 1447 938 1493 vs.
965 1428 1047 1493 692:

168 1542 233 1605 692
270 1547 362 1604 ταῦτα
385 1539 570 1617 πῶςείκότα,
594 1539 703 1623 γέροντ’
734 1539 878 1603 ἀπολέσαι
901 1539 1005 1603 πολιὸν
1027 1536 1124 1619 ἄνδρα
1148 1537 1414 1619 πορδκλεψύδραν,

167 1654 233 1718 695
266 1653 365 1717 πολλὰ
399 1653 436 1736 δὴ
472 1654 722 1737 ξυμπονήσαντα,
756 1658 815 1716 καὶ·
843 1655 958 1735 θερμὸν
991 1651 1241 1734 ἀπομορξάμενον
1274 1650 1414 1732 ἀνδρικὸν

896 1772 1006 1846 ἱδρῶτα
1029 1765 1065 1849 δὴ
1089 1768 1137 1828 καὶ
1159 1762 1262 1852 πολῶν,

168 1882 235 1947 696
272 1877 355 1960 ἄνδρ’
380 1879 498 1962 οέγαθδν
521 1878 594 1942 ὅντα
616 1885 787 1959 Μαραθῶνι
810 1885 876 1962 περὶ
897 1880 952 1962 τήν
972 1879 1076 1954 sudhem

168 1995 234 2058 698
274 1993 336 2055 εἶτα
360 1997 531 2074 Μαραθῶνι
554 1995 605 2074 μὲν
629 1989 673 2056 ὅτ’
698 1989 777 2076 ἦμεν,
803 1993 969 2075 ἐδιώκομεν·
1067 2019 1069 2024 ·

168 2108 235 2171 700
256 2113 305 2169 νῦν
334 2107 361 2169 δ’
384 2107 435 2170 ὑπ’
470 2108 585 2186 ἀνδρῶν
615 2113 750 2190 πονηρῶν
784 2096 904 2191 σφόδρα
938 2108 1112 2189 διωκόμεθα
1134 2114 1209 2185 κᾷτα
1242 2130 1317 2187 προς
1354 2107 1413 2168 ἁλι-

902 2221 1048 2303 οκόμεθα.

230 2352 241 2408 ἢ
276 2335 430 2418 Numquis
447 2342 498 2400 est
515 2339 624 2419 igitur,
649 2338 701 2418 qni
726 2338 758 2402 in
782 2356 876 2403 versu
900 2337 1145 2419 698'dnplicem
1159 2355 1289 2401 sensum
1305 2336 1414 2400 inesse

166 2449 353 2529 contendat,
385 2451 469 2531 quod
499 2449 651 2528 διώκομεν,
675 2456 712 2515 ut
734 2452 870 2517 diximus
893 2457 979 2532 ante,
1018 2452 1049 2514 in
1088 2436 1253 2531 ambiguis
1283 2450 1415 2515 vocibus

166 2562 419 2626 annumeretur?
442 2561 543 2627 Nemo
567 2568 654 2627 certe
679 2564 856 2644 quisquam.
896 2564 977 2627 Num
1009 2563 1093 2629 sorte
1117 2543 1250 2629 versus·⁸
1265 2560 1333 2636 ,700
1356 2563 1414 2627 du-

166 2675 245 2757 plici
269 2676 368 2739 modo
397 2680 448 2740 ost
488 2677 705 2758 accipiendus,
740 2697 779 2742 an
815 2678 941 2742 omnino
975 2683 1084 2760 potest
1117 2679 1157 2741 de
1192 2676 1319 2742 iudiciis
1353 2696 1415 2742 non

169 2788 348 2869 intellegi?
371 2788 419 2852 Ne
443 2789 475 2853 id
500 2790 636 2872 quidem.
662 2791 744 2868 Quid
768 2792 942 2871 igiturest,
968 2810 1029 2873 quo
1046 2791 1215 2867 efficiatur,
1239 2795 1276 2854 ut
1299 2809 1412 2856 versus

168 2900 235 2964 698
260 2901 466 2966 ettennon
491 2909 693 2984 opponantur
714 2903 807 2968 modo
832 2903 904 2983 sibi,
930 2905 986 2968 sed
1015 2905 1100 2970 salse
1124 2905 1355 2987 quodammodo
1379 2908 1413 2967 et

168 3020 266 3078 acute
301 3019 440 3078 mutatas
479 3035 590 3080 senum
626 3016 749 3080 illorum
784 3018 869 3081 vitae
905 3018 1103 3084 conditiones
1138 3019 1308 3083 indicent?
1343 3019 1413 3083 Non

169 3132 224 3190 est
245 3126 321 3190 mihi
345 3129 440 3192 crede
467 3127 568 3193 forma
594 3131 732 3213 passiva,
770 3149 851 3212 quae
875 3131 1000 3196 activae
1037 3130 1195 3211 ἐδιώκομεν
1228 3132 1413 3214 opponitur,

168 3259 233 3304 non
251 3260 406 3323 praesens
423 3247 559 3324 lempna,
585 3243 668 3324 quod
692 3241 878 3324 praeterito,
902 3264 964 3309 non
980 3246 1101 3310 voculis
1124 3240 1174 3304 ὅτε
1196 3251 1231 3310 et
1254 3249 1305 3304 νῦν.
1325 3249 1416 3309 tanta

168 3355 220 3443 vis
244 3357 429 3420 continetur
450 3393 492 3402 -
516 3357 574 3420 sed
597 3375 693 3421 uuum
719 3356 798 3420 illud
821 3350 954 3421 verbum
977 3357 1095 3441 duplici
1118 3358 1215 3423 se‘nsu
1239 3357 1415 3422 adhibitum

167 3488 233 3534 non
257 3471 349 3534 modo
372 3469 624 3534 Acharnensium
648 3470 806 3551 quandam
842 3469 1018 3535 animorum
1053 3471 1263 3538 acerbitatem
1298 3470 1416 3552 prodit,

168 3582 230 3647 sed
251 3583 451 3663 ingeniorum
475 3583 572 3647 etiam
596 3587 738 3646 testatur
760 3582 915 3647 acumina.
939 3576 982 3646 lt
1005 3583 1058 3648 ubi
1076 3588 1127 3647 est
1143 3583 1333 3663 ambiguitas
1350 3583 1414 3663 illa,

169 3715 266 3778 quam
289 3697 339 3761 his
365 3715 491 3779 quoque
514 3696 638 3762 lusibus
662 3697 797 3762 subesse
821 3697 1043 3765 dicebamus?
1058 3698 1096 3763 In
1117 3703 1233 3763 neutro
1256 3715 1362 3777 versu,
1386 3697 1415 3760 si

169 3828 230 3874 acu
253 3828 321 3874 rem
345 3815 479 3890 tangere
510 3809 591 3874 velis
626 3814 660 3874 et
693 3815 800 3874 tamen
835 3811 1021 3876 mehercule
1057 3811 1089 3875 in
1123 3811 1280 3892 utroqnei
1313 3809 1425 3875 Nemo

169 3923 254 3987 enim
279 3924 416 4004 estqui
439 3920 613 4000 διωκόμενα
635 3923 714 3987 illud
737 3929 793 3988 aut
807 3924 895 4005 legat
917 3930 973 3991 aut
995 3924 1153 4006 percipiat
1175 3924 1315 4007 auribus,
1339 3922 1416 4004 quin

167 4034 316 4100 diversae
333 4034 418 4100 illius
434 4037 659 4117 praecedentis
676 4037 766 4102 verbi
783 4035 942 4116 ἐδιώκομεν
958 4037 1096 4103 notionis
1112 4037 1304 4103 meminerit.
1323 4035 1414 4115 Quod

168 4166 240 4211 cum
259 4135 300 4211 'fit
325 4132 364 4193 -’
389 4148 524 4213 haerent
548 4150 631 4213 enim
654 4150 898 4232 aliquantillum,
924 4169 1006 4233 quae
1030 4156 1139 4217 mente
1163 4150 1413 4232 comprehendes

167 4261 280 4325 bamus
304 4297 346 4308 -
369 4261 453 4326 hunc
476 4263 612 4328 eundem
637 4263 782 4329 eiusdem
805 4265 893 4329 verbi
919 4282 1050 4329 sensum
1085 4265 1126 4329 ad
1148 4281 1279 4329 versum
1301 4268 1412 4346 poste*-

165 4374 284 4439 riorem
308 4394 371 4440 non
393 4375 558 4457 pertinere
574 4382 705 4458 praeter
720 4378 902 4459 opinionem
925 4383 1061 4460 repente
1075 4377 1306 4458 intellegimus,
1331 4376 1413 4441 alte-

165 4506 238 4551 rum
261 4487 294 4553 in
317 4488 414 4553 verbo
438 4485 613 4567 διωκόμεθα
636 4490 796 4571 turpicula
818 4490 956 4572 quadam
980 4488 1092 4555 fraude
1116 4490 1247 4572 decepti
1269 4489 1413 4572 anquiri-

164 4599 482 4682 mus,‹suspicamnr,
506 4601 686 4684 arripimus,
710 4601 837 4668 iamiam
861 4602 979 4667 scimus
1002 4602 1235 4694 inesse.6luae
1253 4602 1316 4671 etsi
1333 4602 1414 4669 fiunt

165 4711 321 4776 celeriter
343 4712 498 4796 nobisque
521 4719 577 4778 ant
599 4714 710 4779 insciis
725 4766 728 4772 ¹
745 4719 807 4794 aut,
836 4714 933 4781 etiam
967 4715 1087 4795 inritis,
1122 4715 1204 4782 liunt
1237 4721 1345 4782 tamen
1380 4721 1415 4782 et

165 4825 267 4889 veluti
292 4824 453 4890 titillando
477 4829 616 4891 mentem
634 4832 776 4921 nostram
793 4833 1003 4909 pertractant,
1028 4829 1132 4911 quoad
1149 4835 1296 4912 erumpat
1318 4829 1412 4896 risus.

164 4936 228 5016 Qui
252 4955 314 5019 quo
337 4937 559 5006 vehementius
581 4939 727 5026 gignitur
757 4945 792 5011 et
826 4937 1000 5024 asinaeo
1035 4940 1174 5017 celerius
1208 4941 1315 5016 omnia
1346 4942 1412 5033 illa,
