3172 5820
847 612 999 711 —Q

302 785 456 852 suillasve
487 804 599 852 carnes
632 804 815 870 coquamus,
849 793 886 854 ut
920 806 975 853 eas
1007 787 1171 854 doloribus
1207 787 1446 855 excruciemus!
1480 787 1552 854 Nae

302 900 469 966 camifices
493 906 585 965 erant
607 900 663 966 isti
687 901 850 967 Gallorum
873 902 1002 966 saeculo
1025 900 1108 966 XVI.
1134 902 1245 983 coqui!
1269 901 1335 968 Nos
1359 920 1438 969 vero
1461 900 1551 967 miti·

301 1013 410 1079 oribus
432 1014 577 1078 instituti
600 1013 742 1080 moribus
765 1013 939 1097 voluptatis
962 1019 1094 1080 nostrae
1117 1015 1223 1096 gratia
1245 1016 1320 1097 igne
1344 1033 1401 1081 eas
1424 1015 1551 1080 urimus

302 1132 336 1191 et
359 1126 532 1209 coquimus,
557 1145 619 1209 quo
642 1127 804 1192 molliores
827 1128 999 1192 reddamus
1024 1133 1058 1193 ct
1081 1128 1252 1194 cuticulam
1276 1135 1421 1194 nostram
1445 1129 1552 1210 magis

302 1257 460 1304 curemus.

403 1355 450 1418 Ac
472 1372 513 1418 ne
536 1353 608 1436 quis
632 1353 695 1418 alia
717 1356 843 1421 ratione
864 1355 957 1435 bunc,
982 1355 1022 1419 de
1046 1374 1108 1437 quo
1131 1354 1265 1436 agimus,
1289 1374 1419 1423 versum
1443 1356 1561 1440 expli-'

301 1469 367 1534 cet!
391 1468 461 1535 Hoc
483 1468 577 1548 enim,
601 1470 648 1534 ita
670 1469 784 1550 vivam,
808 1469 889 1534 dixit
911 1474 1024 1551 poeta:
1047 1468 1120 1534 Noli
1143 1475 1246 1536 temet
1268 1469 1374 1552 ipsum
1397 1471 1447 1536 ira
1472 1489 1553 1536 con-

301 1585 444 1646 sumere!
469 1581 649 1649 Crastinum
674 1583 844 1665 oppeciere
868 1583 963 1648 diem.
999 1584 1203 1664 Pinguiorem
1227 1583 1397 1650 devorabis
1432 1582 1553 1650 offam!

301 1695 401 1775 Quam
426 1697 458 1760 iu
482 1696 544 1761 olla
567 1702 623 1761 tua
646 1698 729 1762 bene
754 1702 876 1762 coctam
900 1702 935 1762 et
957 1697 1075 1762 elixam
1098 1696 1257 1762 mordicus
1280 1698 1427 1765 tenebis!

405 1811 494 1889 Quae
518 1830 588 1875 cum
612 1811 763 1876 liberiore
787 1812 879 1878 modo
902 1813 937 1876 in
960 1809 1094 1876 latinum
1118 1829 1297 1877 sermonem
1322 1812 1552 1892 converterim‚

301 1941 362 2004 quo
386 1923 503 1988 clarius
526 1924 624 1988 etiam
648 1923 740 2003 alter,
765 1943 859 2006 quem
884 1924 986 1989 solum
1009 1924 1069 1988 hoc
1092 1925 1125 1988 in
1148 1924 1217 1989 loco
1241 1924 1349 1990 inesse
1372 1925 1428 1990 isti
1452 1929 1551 2007 puta·

300 2038 431 2117 verant,
466 2043 637 2119 appareret
668 2038 838 2103 verborum
869 2040 1033 2122 sensus,¹)
1068 2039 1226 2121 reliquum
1262 2044 1330 2119 est,
1369 2043 1406 2103 ut
1441 2038 1550 2104 dicam

302 2149 550 2231 Aristophanem
575 2151 705 2216 easdem
728 2150 787 2216 bas
818 2150 954 2216 facetias
987 2152 1062 2217 aliis
1097 2171 1224 2235 quoque
1259 2152 1366 2217 verbis
1398 2152 1549 2234 potuisse

300 2263 479 2344 exprimere
503 2266 538 2328 et
559 2263 605 2328 ita
628 2264 767 2346 quidem,
792 2270 828 2329 ut
850 2265 939 2329 lusus
964 2284 1026 2330 nou
1049 2271 1174 2331 tanturn
1198 2244 1231 2330 in
1261 2264 1457 2345 notionibus,
1490 2266 1549 2332 sed

300 2377 332 2442 in
356 2377 435 2460 ipsis
459 2378 627 2443 verborum
651 2375 762 2442 formis
786 2383 820 2442 et
843 2379 931 2442 sonis
962 2378 1095 2443 inesset.
1130 2376 1250 2444 Dicere
1283 2379 1369 2442 euim
1400 2382 1547 2460 poterat:

299 2487 340 2570 μὴ
355 2484 449 2560 οὕτως
464 2487 587 2551 recorda
609 2487 706 2550 διἰκιια
729 2491 777 2550 καὶ
800 2487 854 2569 γὰρ
871 2486 945 2569 ἀνὴρ
960 2488 1055 2572 παχὺς
1070 2484 1140 2571 ἥκει·
1164 2486 1198 2550 ὃν
1221 2484 1304 2560 ὅπως
1320 2487 1395 2572 δήξῃ
1412 2487 1544 2577 (ψήφῳ).

300 2602 347 2670 Cf.
370 2604 468 2686 VeSp.
490 2621 537 2669 VS.
560 2600 625 2666 253
649 2600 683 2662 od
706 2600 762 2681 γὰρ
786 2600 884 2663 δάκνει
908 2601 953 2685 σ’;
978 2599 1049 2664 ὅταν
1065 2605 1118 2684 δέῃ
1140 2607 1236 2682 τίμιοι
1260 2605 1412 2682 πρίασθαι
1436 2610 1495 2685 (Se.
1511 2626 1539 2665 τ

301 2715 422 2802 ἔλαιον),
446 2717 523 2782 Ach.
548 2736 592 2782 ve.
617 2716 680 2780 376
705 2715 791 2776 οὐδὲν
813 2717 972 2796 βλέπουσιν
994 2712 1066 2777 ἄλλο
1088 2713 1109 2796 ἢ
1132 2716 1228 2797 ψήφῳ
1252 2720 1361 2791 δακεῖν,
1395 2717 1492 2801 VeSp.
1515 2739 1534 2785 v

300 2830 362 2894 778
386 2829 498 2890 δάκνων
521 2827 644 2891 σεαυτὸν
666 2831 715 2890 καὶ
738 2827 789 2891 τὸν
812 2827 1061 2909 ἀπολογούμενοι.
1098 2830 1180 2896 Vide
1205 2831 1312 2911 etiem,
1349 2850 1431 2913 quae
1461 2831 1518 2896 Flo

299 2945 371 3012 Chr.
395 2951 428 3010 et
452 2945 587 3010 Gouzius
611 2945 651 3008 ad
674 2944 758 3009 bunc
781 2963 909 3010 versum
933 2949 1183 3010 annotaverunt.

403 3059 522 3140 Vesp.
545 3076 598 3123 vs.
622 3057 695 3122 808.

301 3173 396 3236 BAE.
498 3169 576 3253 root,
599 3173 630 3232 ιί
650 3168 691 3231 ἔτ’
715 3173 804 3250 &prix
827 3169 867 3238 ὠς
890 3162 994 3229 ἅπαντ’
1019 3166 1072 3248 ἐγώ
1098 3170 1179 3248 φέρω
1275 3169 1338 3234 805

509 3280 622 3362 ὅσαπερ
645 3282 787 3364 ἔφασκον,
808 3277 875 3344 κᾶτι
896 3284 996 3358 πολλῷ
1018 3284 1147 3347 πλείονα.

507 3397 577 3478 ἀμὶς
599 3397 661 3477 μέν,
684 3393 720 3477 ἢν
744 3391 931 3477 οὐρητιάσῃς,
955 3396 1040 3475 αὑτηὶ

507 3511 590 3591 παρὰ
613 3513 661 3572 ool
676 3508 828 3592 κρεμήσετ’
846 3509 926 3592 ἐγγὺς
942 3512 989 3571 ἐπὶ
1005 3514 1059 3571 τοῦ
1075 3509 1237 3571 παττάλου.
1275 3509 1338 3575 808

404 3626 451 3691 Ac
473 3627 521 3692 sic
544 3627 674 3708 quidem
697 3644 742 3691 va.
768 3624 830 3689 808
855 3625 1133 3690 consentientibus
1155 3625 1246 3692 libris
1269 3643 1355 3705 mss,
1389 3631 1557 3707 quantum

302 3740 451 3823 equidem
480 3740 585 3822 video,
617 3726 762 3805 omnibus
792 3740 825 3802 in
857 3737 1051 3803 editionibus
1086 3738 1216 3820 legitur,
1251 3758 1315 3804 una
1344 3738 1369 3802 1.
1401 3739 1565 3807 Richteri

301 3860 444 3936 excepta.
481 3853 513 3918 Is
552 3853 636 3918 enim
673 3872 735 3918 non
769 3853 853 3934 quod
888 3852 1097 3918 Halbertsma
1135 3853 1199 3934 legi
1237 3851 1338 3917 voluit
1376 3849 1451 3914 ἀπὸ
1493 3856 1561 3913 ποῦ’

301 3964 450 4026 nccrn'lov
475 3963 517 4051 (v.
541 3966 635 4030 Dind.
658 3971 743 4048 poet.
768 3984 812 4030 sc.
835 3965 906 4048 gn),
942 3965 999 4030 sed
1023 3966 1108 4048 qnod
1138 3965 1195 4031 Th.
1219 3965 1380 4046 Bergkius
1416 3965 1449 4031 in
1472 3985 1583 4050 pro-

301 4079 414 4160 legom.
439 4079 487 4144 ed.
510 4079 551 4144 11.
575 4080 742 4161 proposuit
765 4082 802 4139 ἐκ
824 4084 876 4140 τοῦ
900 4076 1053 4139 πασσάλου
1078 4079 1148 4143 sine
1171 4071 1392 4144 haesitatione
1408 4082 1532 4164 recepit

403 4191 517 4273 Neque
541 4197 612 4258 crat
633 4192 782 4273 indignus
805 4193 864 4257 hac
887 4194 1026 4258 virorum
1060 4192 1226 4257 doctorum
1256 4211 1332 4258 cura
1367 4191 1537 4258 versicul
1567 4241 1586 4247 -

301 4305 382 4370 Nam
398 4306 426 4370 si
443 4305 523 4388 quis,
540 4324 619 4387 quos
631 4305 728 4384 locos,
745 4306 911 4387 inquibus
933 4305 1105 4383 κρέμασθαι
1121 4305 1330 4386 inveniretur,
1354 4301 1392 4371 Ο.
1408 4305 1528 4373 Kreuss

302 4418 389 4482 lerns
413 4418 445 4482 iu
467 4417 612 4484 Passovii
634 4418 738 4483 lexico
763 4416 903 4500 collegit,
933 4418 1112 4500 perlustret
1134 4436 1255 4499 omneS,
1279 4417 1373 4483 facile
1396 4418 1451 4484 ille
1475 4419 1525 4502 qui

222 4603 225 4609 ⁴
303 4529 376 4594 dem
400 4528 460 4591 ἀπό
484 4553 564 4600 τινος
587 4532 637 4596 vel
672 4529 704 4592 ἔκ
736 4553 813 4600 τινος
844 4532 906 4597 dici
939 4531 1119 4616 intelleget,
1156 4531 1206 4598 vel
1241 4530 1339 4597 etiam
1373 4526 1512 4610 scapolaro
1529 4574 1555 4580 -

302 4635 540 4727 interemtores,
564 4641 639 4723 πρός
662 4667 699 4725 τι,
723 4642 752 4704 ἔκ
774 4666 838 4718 croc,
860 4641 926 4706 ιιιιὲ
947 4666 1025 4714 τινος
1048 4649 1082 4710 et
1104 4644 1204 4710 etiam
1220 4641 1301 4724 ἀμφὶ
1323 4641 1491 4724 ἀνθρώπων
1517 4673 1586 4703 ·--

304 4755 347 4815 ἐπ’
371 4759 464 4817 ἐλπίσι
488 4756 659 4836 κρέμασθαι
682 4759 801 4841 passim
825 4757 929 4835 discet
952 4758 1101 4840 reperiri,
1125 4758 1184 4823 sed
1206 4758 1377 4838 κρέμασθαι
1400 4760 1449 4820 snt
1460 4779 1526 4820 rrao
1578 4792 1586 4809 ι

410 5002 429 5069 ¹)
452 5016 500 5068 „ne
520 5000 704 5067 stomacharis,
725 5003 801 5057 adast
819 5002 897 5057 homo
915 5000 1067 5073 opulentus,
1085 5017 1165 5074 quam
1182 5002 1298 5074 perdere
1315 5001 1420 5058 debet¹⁴
