3172 5820
784 640 804 709 ὁ

715 735 870 748 ...ι-*ἁ

163 817 239 878 suut
270 818 414 899 negotia.
455 821 543 898 Quae
571 821 593 884 ii
626 824 784 902 viderint,
820 822 872 904 qui
910 822 950 885 do
979 818 1202 900 Aristophanis
1234 817 1350 884 fabulis
1381 816 1414 885 in

165 945 296 993 scenam
321 937 357 996 et
381 933 557 998 commissis
582 940 616 997 et
639 934 876 1001 committendis
907 931 1067 997 scribendi
1101 932 1243 997 laborem
1275 934 1414 998 nobilem

167 1052 398 1125 susceperunt;
423 1046 582 1128 scripturo
606 1048 681 1111 mihi
706 1042 746 1112 de
769 1048 938 1112 verborum
961 1047 1033 1110 lusu
1057 1046 1141 1127 apud
1166 1045 1414 1127 Aristophanem

171 1157 212 1220 ad
249 1176 345 1222 voces
377 1158 449 1223 illas
486 1158 686 1224 redeundum
722 1166 793 1238 est,
838 1178 917 1241 quas
953 1179 970 1224 e
1003 1142 1187 1223 scholiastis'
1219 1158 1415 1240 colligebam.

170 1270 312 1347 Quarum
337 1289 489 1336 uumerus
512 1272 672 1337 nonnullis
696 1278 824 1354 poterat
846 1272 966 1352 augeri,
991 1290 1050 1336 neo
1073 1290 1149 1337 vero
1173 1272 1317 1353 pluribus
1335 1291 1416 1354 opus

171 1390 252 1448 erat.
284 1385 364 1449 Nam
388 1391 614 1467 praeterquam
638 1386 722 1466 quod
746 1389 821 1449 sunt
843 1384 896 1449 uel
912 1371 1010 1449 'iuter
1037 1384 1120 1465 illas,
1156 1403 1234 1466 quas
1258 1385 1290 1448 iu
1315 1384 1416 1467 expli-

170 1498 272 1561 cando
301 1505 358 1563 aut
380 1498 520 1580 tripudio
546 1502 610 1562 ¹aut
644 1497 786 1579 quolibet
820 1503 913 1579 gestu
948 1496 1081 1561 ridiculo
1114 1497 1218 1578 possis
1252 1497 1440 1590 adhibere,¹

169 1608 297 1692 longam
322 1611 587 1676 enumerabamus
612 1630 720 1675 earum
745 1613 873 1691 seriem,
897 1628 979 1691 quae
1004 1611 1183 1690 generatim
1200 1615 1324 1675 tantum
1347 1611 1417 1693 capi

170 1723 317 1787 nonnihil
341 1743 358 1788 e
383 1724 489 1788 verbis
512 1723 702 1806 quibusdam
726 1723 949 1789 oblectationis
972 1722 1164 1787 adumbrant
1186 1724 1298 1803 magis,
1314 1743 1417 1806 quam

171 1840 352 1916 exponunt3
377 1855 457 1917 quae
481 1841 575 1901 sunt:
614 1834 720 1909 παίζει,
751 1834 856 1896 παιδιά
881 1839 950 1908 ἐστι,
974 1837 1085 1915 γελοίου
1109 1832 1201 1916 χάριν,
1225 1829 1332 1915 ἥδιστα
1355 1840 1418 1898 διοι-

169 1949 292 2025 λέχεται,
317 1950 481 2024 αἰνίττεται,
506 1945 638 2020 ἀστείως,
665 1946 831 2028 χαριέντως,
861 1943 1051 2027 ἅλαζονικῶς,
1084 1952 1241 2029 φορτικῶς,
1265 1946 1418 2028 χελοιοίζει,

168 2057 389 2139 χαριεντίζετοα,
413 2065 453 2129 είς
475 2055 597 2138 αὔξησιν
617 2064 670 2139 τῆς
692 2063 859 2140 κωμῳδίας,
883 2067 1093 2137 αροςνιοιεῖται.
1302 2126 1304 2130 ⁴

279 2174 385 2255 Atque
410 2173 555 2254 exempla
578 2174 745 2254 quaedam,
770 2192 851 2256 quae
873 2173 934 2238 huc
947 2179 1116 2255 spectent,
1147 2172 1263 2239 afferre
1287 2176 1425 2240 etiamsi,

170 2285 270 2350 facile
295 2288 451 2365 videatur,
487 2292 596 2350 tamen
629 2305 691 2350 uon
730 2287 793 2352 erit
814 2287 937 2351 inutile.
961 2287 1068 2353 Ranas
1103 2288 1201 2368 igitur
1224 2288 1417 2353 evolvamus,

169 2399 262 2463 Dicit
285 2400 319 2463 iu
341 2419 404 2464 uss,
428 2399 557 2508 21-2?
577 2401 600 2513 ’χ
615 2400 795 2489 Dionysus:

383 2511 433 2574 εἶτ’
459 2512 511 2595 οὐχ
534 2468 628 2594 ίίίίιιί
642 2513 722 2575 ταῦτ’
748 2517 809 2574 ἐστὶ
832 2517 881 2574 καί
903 2512 997 2598 πολλή
1020 2511 1126 2592 τρυφή,

383 2623 427 2687 ὅτ’
452 2626 505 2704 ἐγὼ
528 2628 580 2706 μὲν
603 2625 642 2687 oio
665 2626 819 2699 Διόνυσος,
843 2624 930 2694 υίὸς
952 2627 1163 2703 Σταμνίου,
1310 2616 1583 2736 ίεχιιοίι“νιι.ιίι”αἰίιῗ

384 2738 475 2809 αὐτὸς
497 2738 613 2819 βαδίζω
638 2742 685 2800 καί
708 2745 800 2813 πονῶ,
822 2745 929 2800 τοῦτον
952 2737 978 2798 δ’
1003 2737 1064 2819 ὀχῶ
1086 2741 1146 2799 κτλ.

279 2852 316 2916 Iu
340 2853 468 2917 scholiis
491 2854 571 2917 haec
593 2854 790 2935 reperimus:

281 2967 407 3043 σταμνία
436 2966 483 3024 καὶ
516 2948 664 3045 στιίμνονς
697 2967 746 3025 καὶ
768 2963 915 3044 ἀμφορεῖς
937 2969 990 3025 τοῦ
1015 2960 1094 3024 οίνου
1120 2967 1221 3042 φασίν·
1266 2963 1364 3034 παίζει
1387 2963 1422 3024 δὲ

172 3069 240 3152 ἅμα
270 3079 318 3137 καὶ
350 3076 425 3152 πρὸς
455 3075 489 3137 τὸ
515 3082 614 3159 σχῆμα
636 3070 682 3137 ὅτι
704 3075 768 3146 οἰός
791 3082 848 3156 εἰμι
870 3082 1022 3156 σταμνίον.
1064 3072 1182 3147 Ἄλλως.
1221 3075 1337 3149 ἔπαιξεν
1360 3079 1422 3138 ἐπεὶ

172 3189 189 3248 ὁ
216 3188 346 3268 κε’ραμος
369 3193 397 3249 a
421 3192 513 3266 ἑαυτῷ
536 3188 683 3268 βαστάζει
704 3188 757 3250 τὸν
780 3187 859 3250 οἶνον
881 3184 981 3273 ὥσπερ
1004 3192 1100 3250 παῖδα
1122 3191 1170 3248 καὶ
1192 3191 1301 3268 τρέφει.

281 3304 457 3368 Auuotavit
480 3303 581 3383 igitur
605 3303 777 3368 scholiasta
801 3303 906 3368 verbis
937 3300 1001 3372 υίὸς
1023 3305 1173 3378 Σταμνίου
1203 3303 1303 3368 risum
1333 3302 1420 3367 cieri.

174 3417 260 3481 Num
285 3436 360 3483 vero
384 3423 460 3481 sunt
483 3419 554 3499 ipsa
577 3417 656 3481 haec
680 3417 778 3483 verba
801 3417 958 3481 ridicula?
982 3437 1022 3482 an
1046 3435 1109 3481 uou
1131 3417 1216 3481 idem
1238 3421 1422 3480 remaneret

176 3530 279 3604 iocus,
312 3529 439 3593 etiamsi
471 3535 527 3594 aut
550 3532 654 3590 [ίίοοο
678 3535 734 3594 aut
756 3527 930 3619 Ἀμφορέως
952 3526 1017 3588 vida
1039 3529 1163 3593 Baccho
1194 3548 1309 3593 nomen
1340 3527 1422 3593 indi·

176 3642 302 3706 disset?
325 3642 406 3706 Puto
431 3643 589 3723 equidem.
623 3643 692 3707 Nou
716 3644 787 3724 ipsa
810 3642 910 3722 igitur
933 3641 1031 3705 verba
1055 3638 1117 3709 υίὸς
1140 3643 1292 3718 Σταμνίου
1314 3643 1422 3706 riden-

177 3762 247 3834 tur;
283 3756 341 3819 sed
375 3756 450 3819 dum
473 3756 552 3820 haec
585 3757 684 3821 verba
712 3757 868 3835 audimur,
904 3756 1097 3836 cogitatione
1132 3755 1221 3820 velut
1253 3755 1423 3835 imaginem

178 3868 337 3948 quandam
357 3870 663 3951 comprehendimus
689 3877 722 3934 et
745 3871 829 3952 quod
845 3871 996 3934 celeriter
1012 3869 1220 3951 fingebamus,
1237 3869 1291 3934 uhi
1307 3888 1423 3935 vanum

179 3999 253 4046 esse
274 3986 309 4045 et
331 3981 455 4046 ratione
472 4000 583 4047 carere
599 3983 825 4061 intelleximus,
849 3983 1000 4047 ridemus.
1027 3984 1120 4048 Risus
1143 3984 1243 4064 igitur
1258 4001 1320 4046 uon
1346 4000 1363 4045 e
1386 3999 1423 4045 re

180 4096 316 4177 quadam
341 4100 429 4160 ortus
454 4103 505 4160 est
528 4133 564 4142 -
591 4097 635 4159 nil
658 4097 742 4162 euim
765 4096 864 4163 fiebat
886 4098 919 4160 in
951 4115 1057 4177 scena,
1080 4098 1125 4161 nil
1148 4097 1313 4178 agebatur,
1340 4079 1425 4175 quod

182 4215 273 4281 esset
295 4210 466 4274 ridiculum
491 4244 530 4255 --
565 4211 623 4275 sed
647 4209 721 4275 ficta
745 4211 901 4292 quaedam
925 4229 977 4274 res
1000 4210 1108 4275 uerbis
1132 4206 1424 4287 circumscribitui3

180 4342 275 4404 quam
292 4323 319 4386 si
336 4341 382 4397 eo,
409 4342 470 4404 quo
491 4324 561 4405 ipse
578 4329 673 4406 poeta
689 4323 791 4396 fiuxit,
814 4324 907 4387 modo
922 4322 1155 4401 retinuerimus,
1179 4304 1363 4386 ridebimus,

284 4435 537 4500 Acharneusium
561 4436 756 4500 comoediam
780 4435 907 4500 evolvet
931 4435 1159 4518 Amphitheum
1183 4435 1272 4498 videt
1287 4434 1425 4498 Dicaeo-

180 4547 263 4629 polis
286 4547 527 4613 Lacedaemone
551 4554 781 4613 accurrentem.
821 4553 925 4628 Χαῖρε,
948 4547 1062 4629 inquit,
1086 4545 1240 4624 'sipulum
1287 4546 1346 4611 Cui
1368 4545 1424 4610 ille

182 4660 227 4742 (in
251 4679 297 4724 vs,
325 4659 418 4746 176);
442 4659 572 4741 μήπωχε,
595 4638 664 4738 πρίν
687 4656 710 4738 χ’
735 4655 771 4719 ἂν
794 4665 854 4720 στω
877 4661 996 4740 τρέχων.

292 4852 308 4917 ¹)
328 4849 518 4924 Aristophanis
538 4865 630 4904 versus
651 4835 809 4906 denotabanr
834 4865 847 4901 e
873 4843 1060 4902 Teubneriana
1086 4847 1134 4903 hh.
1162 4845 1278 4916 Bergkii
1304 4845 1425 4902 editione

183 4941 297 5008 quaein
322 4953 446 4993 versuum
473 4939 671 5008 computatione
700 4957 715 4993 a
742 4935 918 4992 Dindorfiana
945 4933 1103 5004 (Lipsieusi
1132 4938 1201 5004 podt.
1221 4950 1292 4988 scen.
1322 4935 1427 5006 graec.)

182 5027 237 5081 fere
256 5043 309 5081 non
329 5028 472 5098 discrepat.
