3172 5820
789 630 832 692 49

733 720 892 729 0———m-

192 805 230 870 col
248 803 469 880 ἐγχυτριστρίας
494 802 616 865 ἐκάλουν
638 801 695 873 τὰς
717 805 951 884 διακονουμένας
979 799 1017 863 τὰ
1039 803 1147 884 βρέφη.
1175 803 1224 862 καί
1254 805 1304 862 νῦν
1328 796 1380 864 οὖν
1403 801 1444 875 ὥς

193 921 231 985 bii
249 912 395 982 ἀπωλείας
415 921 473 978 τοῦ
489 917 712 996 κριθησομίναι·
734 917 826 998 ἔθηκε
848 925 904 997 τὴν
928 915 1013 990 λέξιν.
1035 913 1107 992 παρ’
1123 909 1250 976 incoari
1267 917 1444 996 inordinare

192 1035 209 1119 ἤ
233 1035 268 1100 εἰς
297 1021 373 1106 ὅρος
403 1025 425 1110 ἢ
455 1035 497 1100 εἰς
527 1029 636 1110 ἔρημον
665 1029 763 1092 τόπον
795 1030 946 1111 βάλλεται.
970 1029 1126 1116 (Vellet).
1171 1029 1271 1095 Hisce
1294 1048 1442 1114 magnam

190 1152 302 1238 partem
325 1141 449 1209 similia
472 1144 570 1209 etiam
593 1146 679 1227 apud
703 1145 834 1210 Suidam
861 1144 999 1226 legimus
1030 1144 1090 1209 sub
1114 1160 1192 1209 voce
1217 1145 1439 1224 ἐγχυτρίσιριαι.

190 1254 286 1327 pirric
306 1254 382 1337 χοὰς
404 1264 470 1327 τοῖς
491 1256 707 1336 τετελευτηκόσι
730 1260 938 1335 ἐπιφέρουσα.
961 1258 1063 1325 Μίνως
1085 1251 1105 1335 ἢ
1127 1255 1195 1333 περὶ
1217 1251 1319 1333 νόμου.
1343 1254 1441 1337 ἔλεγον

189 1379 219 1442 δὲ
238 1372 284 1434 καί
305 1368 341 1431 τὸ
372 1368 494 1451 βλάψαι
516 1375 737 1454 καταχυιρίσαι·
768 1371 810 1440 αἱς
833 1367 1060 1448 Ἀρισταᾳάαης.
1081 1368 1107 1454 ¹)
1151 1365 1383 1451 Ἐγχυαριστρίας
1406 1371 1441 1432 δὲ

185 1494 320 1572 λέγεσθαι
340 1485 390 1545 καλ
413 1479 484 1546 ὅσαι
507 1483 577 1555 τούς
600 1488 708 1565 ἐναγεῖς
730 1489 941 1568 καθαίρουσα,
966 1477 1040 1561 αἷμα
1062 1483 1231 1566 ἐπιχέουσαι
1253 1486 1370 1559 ἱερείου·
1390 1486 1441 1545 καί

182 1605 237 1674 τὰς
259 1603 450 1679 θρηαηαρίας,
473 1598 515 1660 ἔτι
537 1623 567 1678 γε
588 1597 645 1679 μὴν
675 1599 725 1658 καί
747 1595 802 1668 τὰς
823 1600 917 1676 μαίας
938 1593 993 1665 acie
1015 1598 1185 1666 ἐκαιθείσας
1208 1601 1237 1658 ἐν
1258 1595 1378 1679 χύτραις,
1401 1597 1439 1660 τὰ

180 1717 291 1803 βρέφη,
314 1732 399 1796 quae
422 1714 522 1780 verba
544 1713 711 1780 Musarum
733 1729 906 1796 perperam
929 1711 1059 1778 scholiis
1084 1712 1299 1778 immiscuisse
1323 1713 1435 1778 Dneb·

176 1845 281 1900 uerus
315 1827 357 1892 ad
386 1826 421 1895 id
469 1829 650 1911 Vesparum
685 1825 828 1892 scholion
862 1827 1039 1910 annotavit,
1074 1825 1159 1910 quod
1194 1844 1292 1909 supra
1321 1826 1433 1892 lauda-

175 1947 297 2013 vimus.

288 2056 475 2138 Exagitavit
497 2057 598 2137 igitur
619 2055 671 2120 hic
694 2055 783 2120 locus
798 2074 863 2120 non
878 2054 1086 2120 mediocriter
1101 2054 1153 2120 vel
1168 2044 1431 2137 antiquissimum

169 2188 345 2257 quemque
367 2169 593 2252 Aristophanis
616 2174 911 2249 commentatorem,
936 2188 998 2250 quo
1022 2169 1212 2235 meliorare
1227 2168 1429 2234 recentiores

168 2285 316 2369 quidem
338 2283 538 2365 interpretes
569 2284 770 2347 invenerunt.
802 2283 1032 2347 Verumtamen
1063 2299 1127 2345 non
1158 2285 1230 2346 erat
1262 2280 1437 2346 divinantis

165 2396 385 2478 intellegere,
410 2416 468 2460 cur
489 2401 587 2479 poeta
609 2393 785 2477 ἐγχυτρίζεα
807 2396 919 2460 mallet
941 2396 1062 2475 dicere,
1098 2413 1194 2476 quam
1216 2392 1435 2477 καταδικάζειν,

166 2508 358 2583 ἀπολλύναι,
389 2507 579 2582 danusiaco,
609 2506 752 2590 βλάπτειν
774 2509 923 2590 denique,
956 2513 992 2572 ut
1021 2507 1068 2572 illi
1083 2507 1213 2588 volunt,
1247 2526 1319 2572 cum
1341 2504 1436 2589 χύτρα

168 2632 220 2691 et
245 2622 349 2705 χύτρος
371 2624 417 2688 nil
440 2629 572 2706 praeter
594 2622 698 2701 ollam,
721 2641 888 2704 nunquam·
914 2617 1007 2681 addon
1035 2622 1104 2687 sive
1135 2618 1286 2695 κάὸισκοι,
1320 2620 1435 2686 iudici-

166 2739 268 2802 alen
292 2738 378 2801 illam
402 2755 526 2818 urnam,
551 2736 743 2817 significent.
776 2735 870 2798 Lusit
891 2735 1051 2815 nimirum,
1087 2754 1150 2799 non
1174 2735 1272 2813 soniS,
1307 2735 1366 2799 sed
1401 2735 1434 2799 vi

165 2870 225 2914 ac
240 2851 421 2915 notionibus
437 2850 662 2914 vocabulorum
687 2848 782 2921 ἔσθιε,
806 2845 913 2928 nupia,
938 2852 1100 2929 ἐγχυτριεῖς,
1126 2848 1273 2930 Namque
1297 2853 1431 2929 praeter

164 2983 266 3041 earn,
284 2983 366 3047 quae
384 2966 417 3028 in
433 2965 596 3028 sententia
609 2960 648 3041 μὴ
665 2964 750 3023 ἔσθιε
767 2959 891 3022 discorda
906 2963 990 3026 solet
1005 2961 1124 3044 inesse,
1149 2960 1431 3042 significationem,

162 3080 403 3143 verbotenus
428 3077 514 3141 illam
538 3077 683 3157 intellegi
707 3078 816 3151 voluit,
848 3075 961 3139 eodem
992 3075 1097 3158 modo,
1131 3095 1192 3156 quo
1215 3075 1325 3139 multis
1360 3094 1431 3157 pro·

163 3193 308 3256 verbiis
331 3210 368 3255 ac
399 3190 571 3273 phrasibus
603 3192 693 3272 privo
725 3189 949 3253 vocabulorum
983 3207 1081 3252 sensu
1114 3188 1239 3252 iocatur
1269 3188 1432 3252 adhibitis.

154 3302 268 3380 Quid
291 3305 376 3386 quod
399 3307 469 3386 ipse
493 3304 664 3382 Philocleo,
689 3321 784 3385 quem
809 3303 923 3366 chorus
946 3301 997 3366 his
1019 3302 1127 3366 verbis
1150 3301 1335 3383 alloquitur,
1361 3319 1433 3366 cum

162 3419 272 3483 alter
295 3417 408 3481 Ulixes
430 3417 522 3482 aselli
539 3417 655 3483 sumini
671 3416 822 3497 alligatus
838 3434 858 3479 a
872 3414 938 3480 filio
954 3416 1267 3498 deprehenderetur,
1290 3415 1430 3479 interro·
1494 3458 1504 3501 ·.

157 3539 280 3609 gatus
303 3533 370 3608 περὶ
393 3535 447 3591 τοῦ
475 3538 566 3612 μαχεῖ
594 3535 651 3605 νῷν
674 3533 765 3610 ὅῆτα;
789 3529 995 3612 bdelycleoni
1026 3530 1059 3594 in
1088 3547 1134 3594 va.
1163 3527 1233 3593 191.
1264 3528 1432 3611 respondit

147 3650 247 3723 περὶ
268 3641 339 3706 ὄνοι
363 3646 460 3714 onice!
485 3645 607 3723 Quibus
629 3644 737 3709 verbis
761 3662 823 3709 non
846 3644 941 3708 vilem
965 3644 1122 3725 quandam
1149 3642 1250 3723 litem,
1275 3643 1333 3707 sed
1348 3642 1428 3706 ridi-
1515 3640 1523 3651 ’

156 3760 286 3823 culam
322 3759 430 3841 fugam
465 3759 547 3823 asini
576 3762 689 3823 ventre
724 3763 758 3822 et
792 3757 904 3822 umbra
938 3761 1056 3821 tectam
1093 3773 1129 3820 se
1162 3755 1268 3821 moliri
1300 3761 1432 3822 servata

158 3873 322 3953 pristina
344 3872 571 3937 vocabulorum
593 3871 726 3936 notione
750 3871 941 3952 designavit.
971 3874 1083 3952 Παχεῖς
1105 3889 1200 3953 porro
1224 3890 1287 3936 non
1311 3871 1430 3935 divites

167 3989 308 4051 tantum
333 3987 493 4066 dicuntur,
518 3985 576 4051 sed
599 3987 622 4049 ii
646 3986 754 4064 etiam,
786 3986 840 4066 qni
868 3987 938 4067 ipsa
969 3986 1111 4066 corporis
1141 3989 1257 4049 natura
1291 3985 1429 4067 pingues

172 4105 266 4164 sunt.
290 4097 465 4180 Ἐῃαρίζω
498 4123 525 4160 ιι
560 4099 700 4181 denique
730 4101 858 4181 proprie
889 4105 955 4164 est:
990 4099 1023 4163 in
1057 4099 1120 4163 olla
1150 4097 1272 4180 aliquid
1295 4116 1427 4179 ponere,

171 4213 336 4277 videlicet
359 4219 395 4277 ut
417 4231 599 4294 coquamus,
624 4214 713 4291 Quae
729 4232 800 4277 curn
816 4212 899 4276 bene
929 4211 1126 4276 intellexerit
1142 4211 1275 4275 llorens
1292 4210 1427 4275 Christi-

177 4344 271 4407 anus,
296 4325 365 4390 fere
389 4327 568 4391 mirandum
592 4334 653 4406 est,
677 4327 772 4408 quod,
808 4326 953 4407 quamvis
976 4344 1041 4390 non
1063 4324 1157 4389 modo
1180 4325 1294 4391 doctus
1317 4324 1426 4405 fuerit,

180 4440 365 4520 sedonius
396 4441 518 4505 similes
550 4459 640 4506 raros
676 4441 832 4522 invenias,
867 4458 965 4520 sagax
996 4445 1030 4503 et
1059 4438 1195 4520 facetus,
1230 4444 1297 4504 tarn
1327 4454 1428 4521 prave

178 4550 275 4618 huius
299 4554 359 4617 loci
384 4571 513 4619 sensum
537 4554 684 4619 detorsit.
711 4553 800 4635 ,Est
836 4553 949 4636 inquit,
982 4570 1121 4636 coquere
1152 4552 1185 4616 iu
1209 4552 1282 4633 olla,
1316 4552 1349 4616 id
1372 4556 1426 4616 est
1512 4627 1515 4635 Ι

182 4663 292 4731 dolore
327 4664 458 4732 afficere
492 4673 526 4734 et
559 4666 650 4734 velut
684 4666 872 4734 conficere.“
918 4666 1016 4744 Quasi
1049 4665 1186 4751 gallinas
1221 4670 1257 4730 et
1289 4665 1425 4730 bubulas

179 4834 250 4844 *—.
304 4838 346 4842 -.

288 4913 308 4978 ¹)
327 4910 457 4964 memoria
475 4909 604 4964 videlicet
628 4908 706 4964 illum
730 4910 843 4974 fefellit3
871 4909 989 4963 scribere
1017 4910 1130 4964 debebat
1158 4909 1334 4979 ἐγχυτρίσαις
1352 4908 1426 4963 Flor.

179 4995 280 5052 Christ.
301 4997 368 5052 alibi
385 4996 594 5069 Aristophanem
613 4995 663 5052 hoc
682 4997 811 5053 vocabulo
831 5013 908 5051 nsum
928 5013 987 5051 esse
1004 4997 1116 5068 putavit.

1247 5088 1269 5148 4
