3172 5820
49 799 142 853 xnus.
175 781 225 848 Re
250 803 331 850 vera
353 788 438 852 enim
469 790 548 855 haee
578 791 803 874 nonnunquam
835 793 922 855 inter
957 807 1054 854 senes
1070 795 1116 875 et
1145 794 1316 878 attagenes

50 897 238 966 intercedit
261 895 446 994 similitudo.
470 904 583 986 Neque
606 911 714 970 tamen
738 919 776 970 eo
791 893 905 986 magis
928 894 1087 986 cogimur,
1119 909 1156 967 ut
1178 902 1313 967 Homeri

52 1010 140 1079 illud
170 1005 247 1072 ὁτια
269 1017 367 1093 νοραιί
387 1012 420 1079 in
443 1022 584 1082 mentem
606 1018 1026 1100 revocemuq‘praesertim
1054 1034 1132 1092 oum,
1164 1016 1193 1080 si
1225 1020 1316 1079 esset

56 1123 116 1191 llio
136 1126 311 1192 uerbenam
333 1115 433 1208 lusus,
472 1144 542 1194 non·
558 1148 617 1196 vox
640 1127 725 1211 ἅττα,
744 1149 843 1213 >quae
876 1143 939 1196 non
971 1129 1109 1194 habetur
1143 1127 1203 1193 hoo
1234 1127 1316 1210 loeo,

62 1240 206 1304 sed-uox
229 1234 358 1320 ἀτταγᾶς
372 1241 507 1306 ridicula
522 1243 731 1323 reddereturs
750 1261 820 1308 curn
836 1250 954 1324 tannen,
979 1243 1009 1306 si·
1021 1239 1178 1307 voluisset
1196 1242 1313 1306 ‘ludere

65 1359 170 1436 podia,
194 1373 258 1419 non
281 1361 463 1438 attagenem
487 1358 545 1422 sed
568 1370 672 1422 aeneo*
688 1357 805 1422 fuisset
836 1357 1003 1421 illusurus.⁴

140 1497 143 1503 ·
168 1469 315 1536 Tertium
338 1469 451 1534 addam
475 1487 493 1534 e
517 1469 635 1553 Vespis
658 1471 762 1536 locum
785 1490 805 1538 a
826 1467 1009 1537 venenoso
1039 1482 1141 1550 usque
1173 1468 1213 1532 ad
1237 1466 1311 1546 364,

73 1600 146 1666 quos
169 1583 334 1649 Philocleo
364 1585 514 1648 recitavit
527 1604 542 1648 :·
1043 1562 1044 1565 ¹

221 1694 337 1766 κούδείς
359 1697 400 1777 μ’·
415 1695 568 1783 ἐφιίλατιί)Δ
578 1696 647 1776 αλλ’Ι
665 1689 734 1779 ἐξῆν
747 1723 807 1777 ,μοι

88 1811 92 1831 ’
139 1895 141 1901 Ι
222 1808 335 1892 φοίνιον
359 1810 462 1882 ἀδεῶς.
486 1817 536 1873 νῦν
560 1813 594 1872 ol
617 1810 669 1886 ξύν
692 1807 831 1897 ὅπλοις
883 1845 886 1849 “

224 1921 330 2004 ἄνδρες
353 1927 471 1990 ὁπλῖται
494 1927 705 2008 διαταξάμενοι

220 2039 296 2102 κατὰ
317 2037 372 2111 τάς
394 2041 515 2112 διόδοις
538 2049 782 2120 σκοπιωροῦνται,
887 2054 889 2058 ’

160 2139 164 2156 ’
220 2158 278 2213 τῶν
300 2153 408 2216 δὲ’δί’
433 2154 529 2217 aizoo
552 2159 599 2217 iul
621 2164 702 2218 καίοι
716 2155 836 2236 ’ὁίραις
900 2176 904 2238 ζ

222 2290 317 2346 ωςπερ
341 2292 376 2348 με
398 2273 488 2351 γαλῆν
511 2273 582 2348 κρέα
604 2272 758 2351 κλέψασαν
1093 2340 1098 2368 ⁸

50 2378 129 2445 364
223 2386 362 2459 τηροῦσιν
384 2380 476 2465 ἔχοντ’
501 2381 684 2464 ὀβελίσκους.

137 2495 283 2559 Denuo
307 2496 332 2562 1
354 2496 451 2562 Rieht
437 2497 499 2563 teri
524 2498 698 2564 editionem
723 2497 876 2577 euolve,
867 2517 900 2562 111
923 2515 1001 2579 que
996 2496 1081 2562 haee
1100 2498 1268 2565 habentur
1276 2497 1318 2565 nd

45 2625 112 2673 vs
137 2605 224 2673 364:
251 2609 368 2688 „Ludit
377 2610 473 2676 .tNos
459 2616 510 2676 tor
534 2611 642 2677 verbis
667 2608 898 2691 ὀβελίσκονςολ
884 2609 1040 2676 λὸπλῑται
1060 2630 1094 2675 v.·
1126 2609 1199 2689 360,
1229 2611 1317 2699 quod

47 2737 176 2785 servos
203 2739 303 2786 verua
333 2729 501 2804 gestantes
524 2726 660 2790 honesto
676 2714 813 2789 militnm
830 2724 958 2788 nomine
974 2723 1145 2806 appellat.“
1170 2723 1316 2796 Fallitur,

51 2836 188 2917 opinor,
213 2837 261 2901 vir
284 2818 362 2919 prae
387 2839 507 2902 ceteris
530 2843 654 2905 acutus,
681 2839 763 2904 Nam
786 2838 814 2902 si
838 2838 1002 2902 esset-hie
1033 2837 1204 2904 verborum
1225 2836 1316 2901 lusus

48 2950 182 3009 ὁπλῖται
206 2987 245 2996 -
270 2948 449 3029 ὀβελίσκους,
470 2950 590 3011 ὁπλῖται
606 2971 721 3016 nomeu
738 2951 967 3034 explicavisset
982 2956 1143 3035 pootqec
1159 2950 1187 3014 si
1203 2955 1316 3014 essent

51 3060 227 3140 ,ὀβελῖιαι’.
268 3064 380 3145 Neque
415 3071 523 3129 tamen
566 3066 646 3131 haec
687 3068 735 3130 int
737 3085 772 3131 er
807 3085 902 3132 voces
939 3064 1057 3151 ὁπλῖται
1095 3070 1130 3128 et
1164 3061 1315 3144 ὀβελίσκοι

52 3176 176 3241 similit
177 3177 277 3261 ndot
263 3181 354 3243 λλοακ
377 3184 437 3258 est,
461 3179 568 3243 ntult
554 3185 604 3244 tro
628 3180 719 3245 nobis
736 3200 783 3247 vs.
808 3180 872 3244 360
894 3179 1004 3261 legent
991 3167 1078 3245 tibus
1095 3195 1169 3245 sese
1186 3175 1314 3260 offerat

59 3290 149 3368 (luat
151 3310 209 3355 uor
230 3293 290 3373 igit
291 3312 329 3380 ur
346 3311 458 3357 versus
473 3294 541 3358 reci
543 3299 662 3375 tantur,
686 3293 874 3376 priusquam
897 3310 975 3358 voce
999 3270 1175 3373 ὀβελίσκους
1199 3289 1314 3359 similis

58 3402 151 3468 illius
175 3405 310 3469 nominis
344 3405 613 3473 eommonefimus.
643 3405 722 3471 Tum
753 3383 861 3470 autem
893 3406 993 3473 vocis
1013 3404 1132 3466 ὁπλῖται
1162 3404 1317 3477 memoria

65 3517 128 3580 iam
152 3518 294 3584 evanuit.
327 3518 408 3584 Nam
433 3538 514 3598 oum,
539 3519 593 3600 qui
617 3519 752 3583 audiunt
767 3537 881 3584 versus
899 3517 963 3599 359
988 3523 1024 3583 et
1046 3516 1113 3581 360
1130 3505 1200 3596 ,μῦν
1216 3517 1249 3576 δὲ
1264 3514 1317 3601 ξὸν
1345 3575 1348 3580 ς
1431 3564 1433 3569 .

61 3610 209 3698 ὅπλοις
233 3625 338 3709 ἄνδρες
366 3631 520 3692 ὁπλῖται
549 3630 790 3723 διαταξαμενοίλ,
816 3631 937 3700 ὁπλίτας
957 3629 1181 3714 Bdelycleollis
1205 3648 1316 3700 servofl

74 3742 134 3806 dici
157 3749 283 3827 putent,
310 3745 394 3827 quod
418 3739 522 3814 ὅπλοις
544 3746 660 3815 armati
684 3745 772 3821 senis
796 3761 948 3826 egressus
973 3743 1141 3827 explorent
1158 3749 1193 3809 et
1208 3749 1315 3809 eusto-

72 3838 167 3947 diant,
197 3857 331 3922 alteram
356 3858 452 3923 huius
475 3861 561 3924 vocis
595 3858 712 3920 ὁπλῖται
744 3858 1005 3942 explicationem
1013 3876 1084 3945 non
1115 3861 1315 3953 exspectant

175 3970 246 4035 Non
268 3972 381 4053 magiS,
406 3991 501 4054 quam
522 3972 574 4037 hie
609 3973 709 4067 lusus,
742 3971 873 4055 placuit
898 3989 992 4063 quem
1024 3970 1108 4033 idem
1142 3971 1185 4036 V.
1212 3971 1250 4036 D.
1282 3970 1316 4057 in

72 4061 164 4166 Vesp
188 4103 233 4151 vs
259 4085 407 4155 rosini
430 4086 564 4150 videbat
550 4092 604 4150 tur
626 4087 799 4151 invenisse
823 4085 873 4151 En
896 4099 1009 4149 versus
1034 4083 1154 4148 lllet
1179 4083 1258 4148 718:

257 4197 449 4264 ίδοσανδ’
475 4198 639 4260 οὐπώποτί
657 4221 705 4260 σοι
728 4195 804 4279 πλὴν
827 4221 927 4279 πριοην
950 4198 1033 4283 πέντε
1056 4200 1222 4276 μεδίμνους,
1307 4272 1311 4289 1

151 4312 316 4371 καὶταῦτα
338 4309 423 4389 μόλις
446 4311 541 4384 ξενίας
562 4311 676 4392 φεύγων
699 4310 801 4391 ἔλαβες
824 4309 898 4372 nael
914 4291 1051 4394 ιχοίνικα,Ι
1067 4288 1190 4388 κριθῶν.
1217 4292 1221 4299 ⁴

169 4425 217 4489 Ad
241 4443 320 4507 quos
336 4425 416 4490 haee
431 4424 456 4489 Ι.
473 4426 663 4491 Richterus:
690 4429 821 4507 ,κριθῶν
845 4445 916 4489 eum
939 4427 1095 4502 μεδίμνοις
1119 4425 1313 4505 coniungen-

65 4536 157 4616 dum;
180 4538 284 4619 possit
300 4538 397 4602 etiam
416 4558 486 4603 eum
503 4540 615 4621 χοίνικα
628 4522 782 4604 παλαια]
799 4536 909 4618 ἔλαβες.
935 4535 973 4603 ολ
997 4538 1076 4619 Eng.
1093 4538 1223 4602 Thesm.
1240 4537 1315 4602 811.

64 4648 165 4719 Ludit
187 4652 285 4717 verbo
316 4656 439 4730 κριθῶν,
475 4653 567 4734 quasi
602 4652 689 4717 dieat
722 4649 805 4728 παρὰ
838 4655 896 4712 τῶν
919 4655 1033 4731 κριτῶν,
1070 4651 1141 4716 euni
1172 4651 1317 4733 proxime

65 4764 239 4831 antecedat
262 4762 357 4836 ξενίαι
390 4762 522 4844 φεύγων·
557 4763 632 4826 κατὰ
654 4767 767 4847 χοίνικα
790 4783 875 4855 'vero
898 4765 984 4829 idem
1013 4764 1111 4847 velet,
1151 4764 1235 4846 quod
1258 4783 1318 4829 no·

66 4881 188 4940 strum:
214 4879 481 4958 „quantsweise.“
507 4876 720 4950 Αλοαιπαρα
743 4882 801 4938 τῶν
819 4881 928 4955 ,κριτῶν
944 4877 1180 4968 intellegamus,
1204 4877 1315 4958 requi·-

66 4989 164 5058 ritum
210 4990 292 5054 Nam
315 4997 543 5080 praeterquam
567 4992 661 5081 quod,
686 4992 714 5060 si
738 4995 766 5051 ολ
789 4993 886 5074 κριταί
906 4978 1067 5071 frumenta
1100 4982 1223 5054 civibus
1247 4981 1316 5054 'dis-

1138 5093 1158 5166 3
