3172 5820
721 645 876 746 mi}-

175 835 236 898 qun
260 816 319 893 ille,
341 837 392 900 ea,
417 839 500 903 quae
523 821 555 885 in
578 820 675 886 rebus
699 819 836 887 saetisve
867 827 947 889 sunt.
965 820 1109 900 ridicula,
1141 839 1162 884 a
1191 821 1312 884 ceteris
1333 820 1444 887 ineu-³

165 931 289 999 laribus
308 936 464 1017 -scposui3
488 954 570 1017 quae
593 935 773 1001 rideremus
796 936 830 1000 in
853 935 971 1018 verbiS,
995 940 1051 1000 aut
1073 933 1212 999 narratis
1230 932 1420 1015 quibusdam

165 1045 1486 1141 remaesentatisverelursdelmnarnipsisdmriqrminverbismesse¹

173 1160 363 1242 significavi.
1012 1153 1017 1159 ’
1393 1215 1394 1219 ,

276 1275 366 1355 Quae
391 1294 461 1341 eum
482 1293 544 1341 non
568 1275 638 1366 sine
662 1293 758 1340 causa
781 1274 827 1340 ita
850 1274 1078 1356 describerem,
1111 1290 1153 1338 ne
1183 1272 1224 1337 de
1257 1271 1414 1363 omnibns,

169 1405 383 1470 quaeeunque
406 1388 602 1453 haberentur
624 1387 769 1466 ridicula,
792 1387 824 1451 in
847 1387 1034 1453 universum
1048 1384 1128 1451 mihi
1143 1388 1234 1450 esset
1249 1362 1417 1466 disputem

169 1500 258 1580 dnm,
283 1506 372 1566 certe
395 1520 458 1566 non
495 1501 528 1565 id
561 1519 613 1565 me
651 1501 796 1582 fugiebat
830 1519 890 1566 uec
923 1519 979 1564 res
1000 1500 1098 1581 ipsas,
1133 1516 1216 1581 qpae
1249 1497 1283 1562 in
1320 1515 1418 1563 scena

168 1621 348 1694 agerentur
382 1652 424 1662 -
458 1634 530 1680 narn
564 1620 675 1704 gestus
711 1630 838 1697 quoqne
872 1613 1035 1696 quoslibet
1067 1611 1129 1676 hue
1158 1609 1266 1676 reiero
1292 1646 1332 1658 -
1356 1627 1422 1676 uae

168 1729 272 1794 verba
295 1730 336 1793 ab
359 1729 568 1794 histrionibus
592 1728 798 1811 pronuntiata
820 1746 879 1810 per
895 1745 969 1791 seso
986 1743 1059 1791 esse
1075 1724 1220 1805 ridicula,
1246 1724 1305 1789 sed
1327 1723 1417 1805 quid·

169 1843 251 1923 quid
272 1842 439 1908 videretur
460 1843 639 1920 ridiculum,
663 1847 796 1924 propter
819 1842 914 1921 solas,
938 1859 1021 1921 quae
1041 1839 1117 1903 inde
1139 1838 1172 1903 in
1195 1837 1418 1920 spectantibus

171 1957 421 2022 audientibusve
449 1956 609 2020 orirentur
632 1954 844 2035 cogitationes
862 1953 967 2019 videri
986 1953 1210 2018 memineram.
1235 1950 1305 2016 Non
1321 1952 1420 2030 igitur

165 2070 283 2134 ——hoc
299 2069 384 2134 enim
400 2075 471 2135 utar
487 2069 632 2152 exemplo
648 2107 689 2115 -—
706 2068 733 2133 si
749 2070 821 2150 quis
838 2068 1014 2150 vapularet,
1038 2067 1109 2148 ipsa
1123 2066 1260 2131 verbera
1275 2063 1415 2129 ridicula

168 2183 276 2249 videri
300 2182 436 2261 omnino,
459 2182 521 2246 nisi
544 2182 576 2245 in
600 2181 692 2252 nobis
714 2186 772 2246 aut
794 2179 1001 2262 vapulantem
1016 2184 1073 2244 aut
1089 2180 1314 2244 verberantem
1338 2194 1414 2240 eon·
1499 2228 1501 2234 .

139 2295 388 2374 xsiderantibus
411 2295 622 2375 cogitationes
646 2294 802 2376 quaedam
824 2295 1044 2373 gignerentur,
1069 2310 1151 2373 quae
1184 2289 1417 2354 adridendum

165 2431 229 2475 nos
251 2409 463 2492 impellerent.
501 2410 580 2474 Eam
611 2410 714 2491 ipsam
748 2409 788 2474 ob
819 2426 948 2473 causam
971 2405 1079 2473 ridere
1114 2403 1194 2468 alios
1226 2403 1416 2481 arbitrabar,

168 2524 252 2589 alios
283 2525 386 2589 serios
418 2530 566 2605 spectare
601 2530 673 2588 aeta
696 2523 824 2587 iocosve
842 2521 983 2599 'audira3
1017 2519 1092 2583 inde
1127 2518 1224 2582 etiam
1257 2516 1440 2597 intellegi,

168 2655 229 2702 eur
251 2638 306 2726 alii
330 2636 439 2704 statim
463 2637 561 2701 risum
585 2635 748 2715 tollerent,
780 2653 864 2698 sero·
885 2633 950 2710 alii,
986 2630 1147 2698 nonnullis
1178 2645 1276 2710 saepe
1299 2628 1413 2693 diebus

163 2756 252 2833 post,
277 2769 372 2832 quam
394 2755 451 2814 ant
474 2767 542 2814 rem
566 2748 724 2815 vidissent
747 2753 803 2812 aut
822 2747 955 2813 verbum
971 2746 1101 2810 auribus
1117 2744 1210 2809 modo
1226 2762 1289 2808 non
1304 2747 1415 2807 mente

164 2863 410 2946 percepissent;
444 2882 539 2945 quarn
573 2864 613 2927 ob
647 2880 717 2927 rem
748 2879 810 2925 non
849 2878 922 2924 esse
958 2859 1139 2939 dicendum,
1174 2857 1203 2922 si
1238 2857 1309 2938 quis
1333 2856 1417 2922 bene

163 2978 308 3041 animum
331 2976 527 3056 adverteret,
543 2976 592 3040 de
616 2995 652 3040 re
675 2973 802 3040 factove
825 2973 992 3038 antdicte
1014 2971 1161 3050 ridiculo,
1184 2970 1242 3035 sed
1265 2968 1298 3033 id
1314 2967 1413 3039 ,modo

163 3095 258 3154 recte
293 3090 356 3153 dici
390 3108 504 3171 posse,
538 3089 626 3170 gigni
660 3089 760 3153 risum
795 3092 941 3152 nostrum
976 3086 1241 3179 voluptatemque
1275 3082 1414 3164 denique

166 3203 387 3284 spectantium
412 3220 536 3266 omnem
561 3207 617 3266 aut
639 3219 699 3284 per
721 3219 776 3266 res
798 3199 935 3282 laetave,
959 3205 1015 3264 ant
1037 3216 1096 3281 per
1119 3198 1227 3264 verba».
1292 3200 1295 3206 '
1354 3223 1357 3234 ’
1386 3173 1392 3185 Χ

270 3315 377 3380 Nihilo
400 3333 476 3380 vero
500 3315 615 3394 sacius,
641 3314 790 3396 qnoniam
815 3314 847 3377 id
878 3331 937 3395 per
971 3311 1122 3393 loquendi
1156 3329 1249 3375 usum
1282 3309 1414 3388 licebat,

168 3429 244 3511 ipsa
267 3429 366 3494 verba
388 3446 612 3509 nonnunquam
635 3426 769 3491 ridicula
791 3426 1002 3505 nominabam,
1026 3443 1088 3491 non
1110 3443 1150 3489 ca
1180 3423 1320 3506 quidem,
1343 3421 1414 3504 qui·

163 3543 229 3607 bus
253 3541 349 3606 fictae
373 3541 534 3624 quaedam¹
552 3546 767 3623 narrataeque
804 3558 858 3604 res
891 3539 1143 3622 continerentur,
1175 3538 1232 3603 sed
1256 3555 1305 3616 ea,
1331 3554 1414 3619 quae

168 3657 307 3738 propter
328 3654 466 3720 formam
484 3660 540 3719 aut
562 3658 717 3734 mutatam
733 3657 789 3718 aut
811 3657 1076 3736 novatampquae
1099 3657 1232 3734 propter
1248 3649 1413 3716 insolitum

165 3787 262 3833 usum
285 3767 531 3850 inopinatamve‚
553 3786 647 3849 quam
671 3772 874 3848 occuparent,
899 3766 1020 3846 sedern,
1045 3765 1183 3845 denique
1207 3778 1289 3848 quae
1314 3783 1414 3847 prop·

166 3888 221 3948 ter
243 3881 483 3962 ambiguitatem
508 3881 676 3964 quandam,
701 3899 783 3965 quae
805 3880 934 3959 lateret,
957 3883 1014 3944 aut
1046 3877 1222 3959 simplicem
1246 3881 1303 3942 aut
1323 3877 1412 3943 ‚eom-

166 3997 316 4079 positam,
341 3996 470 4078 variam,
495 3993 705 4077 multiplidem
728 3995 779 4060 vel
802 3994 913 4060 invitis
937 3993 1145 4059 conciliarent
1161 4009 1232 4056 cum
1248 3973 1418 4056 hilaritates

167 4110 279 4176 risum.

275 4222 319 4286 Ac
343 4222 383 4286 de
405 4223 456 4287 his
488 4241 558 4303 ago,
592 4240 674 4303 quae
709 4211 741 4284 in
773 4222 881 4287 verbis
915 4220 992 4286 solis
1016 4223 1128 4284 essent
1161 4218 1254 4299 sitae,
1283 4213 1414 4282 'ridendi

168 4336 274 4401 causis
306 4336 504 4418 inquirebam
540 4341 573 4401 et
615 4334 771 4399 eiusmodi
802 4333 1026 4415 Aristophanis
1067 4332 1166 4397 verba
1208 4331 1409 4395 extrinsecus

167 4450 282 4531 magis,
305 4467 398 4530 quam
412 4448 586 4514 secundum
610 4447 848 4529 cogitationum,
871 4464 954 4528 quae
972 4445 1046 4511 inde
1071 4444 1284 4511 exorirentur·
1295 4444 1410 4521 risum.

168 4581 232 4644 que
254 4569 430 4641 moverent,
453 4567 600 4628 naturam
623 4561 656 4624 in
691 4560 772 4626 haec
802 4559 943 4643 quinque
976 4576 1099 4642 genera
1129 4557 1290 4623 distribui.
1323 4557 1412 4637 Quae

166 4676 283 4741 divisio
306 4676 434 4740 etiamsi
459 4676 509 4740 eui
533 4675 682 4740 videatur
704 4674 879 4754 angustior,
911 4692 981 4738 cum
1004 4690 1087 4755 quae
1116 4672 1213 4753 quina
1229 4671 1308 4736 sint
1338 4690 1411 4736 raro

166 4788 315 4871 perfecta
337 4790 547 4871 absolutaque
574 4807 648 4854 esse
671 4793 836 4871 putentur,
860 4791 986 4852 sextum
1010 4791 1118 4852 tamen
1134 4785 1271 4851 inveniri
1287 4786 1409 4867 neqtrit.

272 4902 404 4975 Utinam
427 4903 478 4968 his
502 4902 675 4985 effecerim,
699 4921 740 4967 ne
763 4902 834 4967 iure
858 4919 915 4966 sno
938 4898 1198 4983 philosophorum
1228 4916 1309 4980 gens
1332 4899 1412 4964 mihi

164 5015 377 5082 succenseat!
400 5016 529 5084 Utinam
553 5015 599 5082 illi
616 5015 678 5081 sibi
701 5015 918 5101 persuadeant
941 5032 991 5080 me
1014 5032 1078 5079 non
1101 5031 1160 5078 sua
1183 5012 1261 5078 mihi
1277 5032 1411 5081 munera

1201 5117 1222 5182 2
1235 5117 1252 5157 *
