3172 5820
785 643 803 704 'l

269 811 516 878 Nobilissimum
539 833 615 878 vero
638 815 724 880 inter
747 835 795 894 ea,
820 833 902 897 quae
926 816 995 878 iure
1018 813 1080 877 huc
1104 809 1297 890 referuntur,
1329 810 1416 875 face-

161 921 283 988 tiarum
307 943 431 1006 genera
454 931 595 999 ——sunt
612 928 706 1008 enim,
730 934 767 993 ut
783 928 846 992 dixi
864 933 950 1006 ante,
974 945 1037 990 non
1053 942 1164 1006 pauca,
1189 929 1223 988 et
1245 924 1305 988 boc
1321 942 1417 987 unum
1495 980 1502 989 .

163 1037 411 1119 ereliquorum
435 1039 539 1118 turba,
572 1039 689 1121 quippe
722 1041 769 1104 in.
792 1059 853 1121 quo
877 1038 1110 1120 Aristophanes
1143 1042 1274 1118 praeter
1308 1052 1438 1100 omnes.

166 1158 261 1216 esset
283 1153 415 1232 multus
453 1153 621 1233 segregavi
647 1159 681 1217 et
703 1154 777 1218 huie
800 1152 870 1218 loco
903 1152 1067 1217 reservavi
1101 1187 1144 1195 —
1177 1149 1418 1228 nobilissimum,

166 1265 301 1347 inquam
324 1266 483 1346 longeque
508 1266 752 1330 celeberrimum
777 1270 838 1347 est,
846 1283 1020 1345 Q
1058 1263 1144 1342 Quot
1165 1263 1220 1326 ille
1243 1261 1418 1326 mendaciis

169 1379 286 1446 Socrat
273 1387 348 1460 t,em
373 1386 451 1462 quot
437 1379 640 1444 tcalumniis
664 1380 850 1462 Euripidem
873 1383 930 1461 pe
931 1378 1008 1442 rvr
1041 1377 1148 1456 Quam
1149 1394 1247 1458 opere
1273 1376 1307 1439 in
1334 1377 1417 1457 Aga-

169 1495 308 1560 thonet
294 1494 453 1577 turpicula
476 1494 632 1576 quaedam
656 1494 763 1592 auxit.
731 1495 763 1558 tl
800 1493 883 1572 Quid
907 1492 1010 1557 dicam
1034 1490 1075 1555 de
1099 1490 1229 1569 Cleone,
1265 1489 1298 1553 in
1323 1507 1418 1572 quem

171 1627 385 1690 quaecunque
410 1613 485 1671 sunt
502 1608 643 1672 convicia
660 1607 798 1672 coniecit
806 1605 927 1684 lQuid
951 1605 991 1669 de
1008 1606 1216 1669 universot
1172 1603 1216 1667 At
1216 1601 1419 1666 heniensium

164 1712 312 1803 populo?
347 1720 416 1798 Quo
439 1719 510 1783 illos
534 1720 650 1800 probro
674 1739 737 1785 non
761 1719 958 1800 exagitavit?
994 1716 1077 1796 Quid
1108 1715 1192 1797 quod
1215 1716 1268 1779 vel
1290 1715 1368 1778 dii
1359 1734 1418 1778 rm·
1455 1714 1457 1717 ’

170 1834 325 1899 mortales
347 1833 528 1898 hominibus
552 1834 743 1899 documento
767 1837 869 1914 erant,
893 1852 955 1898 non
980 1850 1053 1896 esse
1075 1849 1275 1913 quemquam,
1300 1830 1354 1911 qui
1376 1829 1417 1893 ab

172 1948 289 2012 acerbo
324 1953 420 2029 poeta
441 1947 578 2013 veniam
612 1948 820 2031 impetraret!
854 1947 940 2026 Quid
975 1946 1074 2027 igitur
1107 1944 1233 2017 mirum,
1267 1943 1296 2007 si
1319 1943 1416 2007 etiam

174 2061 260 2142 apud
283 2060 471 2126 scholiastes
496 2061 597 2126 multa
618 2061 774 2143 reperias,
810 2079 892 2142 quae
928 2058 1035 2138 adid
1069 2054 1171 2140 genus
1203 2055 1417 2138 pertineant?

171 2175 330 2251 Κωμῳὸεῖ,
353 2172 488 2254 legimus
505 2175 590 2255 apud
606 2174 746 2254 illest
712 2180 746 2239 et
768 2173 904 2243 σκώπτει,
929 2168 1091 2250 διαβάλλει,
1114 2168 1256 2252 χλευάζει,
1280 2167 1421 2244 δεασυρει,

171 2292 334 2363 κατηγοαεῖ,
357 2284 552 2360 καθάπτεται,
576 2284 720 2359 ὀκειδιζει,
745 2284 904 2368 ἐκακίζετο,
929 2285 969 2354 ὠς
992 2305 1277 2363 συκοφαντουμεκος,
1301 2280 1420 2360 ἀναμα-

171 2396 303 2475 κώμενος
325 2400 405 2476 λέγει,
430 2397 604 2477 σαρκασμός
628 2403 697 2482 ἐστι,
719 2397 906 2478 diodonadem,
931 2398 1057 2463 Similia.

276 2531 382 2611 Atque
406 2536 501 2595 uttun
503 2550 540 2595 ur
487 2531 612 2595 this
636 2531 743 2597 verbis
767 2531 919 2596 scholiast
906 2534 969 2609 tae,
995 2548 1064 2594 cum
1078 2528 1167 2593 Arist
1154 2469 1310 2610 tophanes
1335 2525 1420 2590 cele-

170 2643 346 2707 berrimum
365 2661 524 2725 quemque
543 2645 644 2708 virum
662 2644 846 2709 criminibus
867 2643 983 2723 arguit,
1012 2641 1180 2725 peculatus
1200 2640 1421 2720 demagognm,

169 2755 394 2839 philosophum
418 2757 625 2838 argutiarum,
661 2756 816 2822 mollitiae
840 2760 969 2839 poetam
993 2760 1028 2818 et
1047 2753 1094 2818 ita
1118 2754 1257 2836 quidem,
1294 2758 1415 2817 utnon

134 2925 137 2930 .
170 2887 190 2933 e
215 2869 322 2934 verbis
346 2869 548 2950 quibusdam,
582 2887 665 2951 quae
689 2870 777 2934 seria
800 2887 873 2934 esse
896 2873 1034 2951 possunt
1055 2866 1252 2948 minimeque
1275 2866 1420 2944 ridicula,

169 2982 231 3047 sed
255 3001 331 3047 ere
355 2983 490 3064 quadam
514 3002 576 3047 non
608 2980 682 3047 ficto
704 2981 807 3060 mo'do,
843 2981 901 3046 sed
925 2981 1025 3047 etiam
1057 2985 1188 3044 narrata
1224 2980 1420 3062 voluptatem

168 3097 362 3178 plerumque
385 3074 610 3178 percipiamus.

279 3228 334 3309 (1.)
358 3227 560 3292 Contrarium
584 3231 673 3293 certe
696 3227 742 3307 fit,
766 3229 821 3292 ubi
843 3232 940 3308 poeta
964 3245 1059 3292 voces
1083 3226 1237 3307 quasdam
1263 3232 1319 3291 aut
1341 3225 1422 3290 mire

171 3339 348 3422 detorquet
371 3346 427 3405 aut
458 3361 540 3406 nova
573 3341 668 3423 plane
697 3341 850 3406 vocabula
883 3340 1024 3405 mirabili
1059 3358 1128 3405 cum
1159 3338 1295 3404 audacia
1316 3337 1423 3419 fingit3

170 3451 240 3518 illic
268 3453 352 3517 enim
384 3455 416 3518 in
447 3455 544 3519 rebus
579 3454 834 3536 repraesentatis
870 3449 969 3519 totius
999 3453 1061 3518 loci
1094 3453 1188 3519 cardo
1221 3452 1422 3528 versabatur,

168 3565 273 3630 verba
295 3564 427 3631 fortuita
451 3572 552 3647 erant,
586 3574 642 3632 aut
665 3568 792 3631 etiamsi
822 3587 885 3632 non
918 3568 989 3631 sine
1020 3573 1091 3631 arte
1119 3564 1279 3647 quaesita,
1316 3569 1422 3628 tamen

168 3678 238 3757 alia
259 3678 328 3742 illis·
347 3678 499 3744 substitui
521 3685 688 3761 poterant3
723 3680 774 3743 hic
806 3680 839 3744 in
873 3680 953 3761 ipsis
976 3679 1094 3758 verbis,
1128 3679 1161 3743 in
1194 3677 1422 3744 vocabulorum

170 3796 232 3856 aut
253 3789 363 3856 formis
384 3797 441 3857 aut
463 3793 550 3857 sonis
573 3792 661 3857 intus
685 3793 821 3857 haerent
843 3794 933 3858 attici
965 3793 1012 3857 illi
1047 3792 1142 3866 sales,
1182 3810 1262 3875 quos
1296 3791 1423 3856 etiamsi

170 3923 319 3986 nequeas
342 3905 524 3986 degustare,
549 3907 624 3988 quin
652 3907 715 3971 vim
743 3907 836 3970 simul
853 3906 1080 3988 notionemque
1097 3906 1266 3971 verborum
1293 3909 1328 3969 et
1350 3922 1422 3968 ver·

171 4036 231 4082 sus
255 4019 449 4083 sententiam
481 4019 647 4102 respicias,
684 4026 792 4084 tamen
815 4039 880 4085 una
914 4039 985 4084 cum
1020 4019 1131 4084 formis
1162 4036 1358 4084 evanescere
1390 4021 1424 4080 et

170 4131 275 4196 veluti
298 4131 456 4197 deflorere
480 4133 614 4197 senties.
638 4132 719 4197 Nem
744 4133 838 4214 quod,
872 4133 1114 4215 quibuscunque
1145 4132 1253 4197 verbis
1289 4130 1421 4209 dixeris,

171 4244 262 4310 lacet
248 4250 314 4310 tum
350 4252 457 4310 tamen
490 4253 550 4326 est,
585 4234 637 4311 re¹
657 4247 854 4325 continetur3
890 4246 974 4328 quod
1009 4245 1140 4311 mutatis
1175 4244 1283 4311 verbis
1318 4244 1420 4307 salem

170 4359 296 4423 amittit
298 4359 360 4438 ,in
384 4360 562 4442 verbis,ut
548 4360 631 4424 tait
653 4359 825 4444 TulliuS,¹)
849 4360 948 4424 babet
970 4360 1112 4440 leporem
1137 4377 1274 4424 omnem.
1316 4402 1320 4409 -

281 4487 381 4565 Quom
404 4489 483 4554 levit
470 4495 521 4554 ter
545 4490 750 4572 Strepsiades
773 4491 833 4555 ille'
851 4491 884 4555 in
907 4491 1047 4555 Nubium
1070 4488 1167 4555 vers'u
1194 4486 1418 4573 rnooglmia-

169 4598 301 4665 bundus
336 4607 370 4666 et
400 4607 543 4667 suasmet
572 4602 673 4685 ipsius
696 4604 808 4668 laudes
832 4609 1063 4687 cantaturusqa
1086 4603 1181 4667 solita
1203 4589 1339 4666 nominis
1371 4601 1422 4664 sui

126 4720 129 4724 ’
171 4712 279 4779 forma
301 4714 456 4780 declinatl
1235 4694 1238 4700 ’

171 4904 381 4915 mnu-tu

290 5007 555 5076 vuumm
