3172 5820
801 579 844 642 54

741 671 895 678 ...—

199 757 232 821 in
255 755 332 821 Aah.
355 754 500 835 χοιριόίων
529 752 606 819 illud
629 756 679 813 κοΐ
697 757 916 837 repetebatur,
946 773 1016 818 cum
1039 753 1274 835 Aristophanes
1303 750 1453 833 gaudere

199 868 249 932 his
272 871 471 949 spectantem
493 864 653 946 popellum
676 886 739 931 non
762 868 935 948 ignoraret.

302 981 414 1061 ltaque
431 996 501 1042 oum
525 968 563 1038 αὖ
585 970 623 1037 αὖ
647 978 735 1061 illud,
760 980 845 1062 quod
867 980 1005 1045 habetur
1032 978 1064 1042 in
1088 997 1133 1043 vs.
1151 978 1224 1043 903.
1242 977 1377 1060 saepius
1394 980 1455 1040 aut

200 1095 240 1159 ab
262 1092 341 1175 ipsis
379 1091 520 1167 canibus,
551 1096 607 1155 aut
629 1092 671 1157 ab
693 1098 813 1174 actore,
846 1098 902 1157 aut
925 1091 1064 1174 denique
1096 1111 1115 1155 a
1138 1091 1453 1173 parachoregemate

206 1205 326 1271 editum
361 1222 434 1268 esse
468 1204 671 1283 arbitremur,
707 1224 817 1269 senem
840 1206 880 1269 ad
914 1206 1019 1286 ipsum
1054 1204 1143 1268 illum
1179 1205 1334 1270 latratum
1371 1220 1454 1267 voce

203 1320 264 1396 βοᾷ
287 1316 469 1397 respexisse
494 1334 672 1382 censemus.
697 1317 787 1395 Quod
810 1337 880 1381 cum
905 1318 1010 1391 datur,
1047 1317 1178 1397 egregie
1211 1322 1300 1381 totus
1333 1333 1453 1380 versus

201 1429 410 1510 intellegitur.
436 1429 554 1494 Dicere
577 1448 653 1494 vero
676 1430 816 1494 debebat
839 1431 910 1508 βοᾷ,
934 1429 1062 1494 etiamsi
1078 1448 1141 1494 non
1157 1427 1257 1494 fuerit
1273 1431 1314 1495 de
1331 1447 1451 1493 canum

199 1543 323 1608 ululatu
346 1547 543 1625 usurpatum,
567 1563 637 1607 cum
660 1540 694 1602 τὸ
718 1547 840 1620 πρᾶγμα
861 1543 978 1603 ὑλακτεῖ
999 1542 1050 1607 vel
1073 1539 1178 1621 βαΰζει
1209 1543 1304 1608 nimis
1335 1542 1452 1607 videa-

202 1663 255 1723 tur
276 1656 452 1722 insolitum.
475 1655 592 1720 Latine
615 1661 723 1721 autem
746 1656 898 1721 auderem
922 1655 1071 1736 equidem
1095 1655 1200 1718 lusum
1233 1655 1279 1719 ita
1302 1658 1452 1734 vertere,

201 1775 239 1835 ut
260 1769 402 1833 dicerem
425 1768 590 1849 ambigue:
614 1767 806 1850 „Manifesta
828 1785 882 1832 res
905 1773 973 1847 est;
997 1767 1067 1849 ipsa
1091 1767 1175 1831 enim
1199 1768 1331 1833 latrat.“

306 1882 482 1947 Duodecim
507 1882 725 1963 expedivimus
749 1883 914 1963 neglectos
937 1901 956 1946 a
979 1882 1111 1964 reliquis
1136 1882 1306 1947 verborum
1337 1878 1453 1957 lusus;

203 2013 283 2077 quos
298 1995 536 2077 Aristophanici
551 1995 752 2077 perpendant
767 1995 919 2060 studiose.
945 1994 1043 2076 Alios,
1068 1995 1096 2059 si
1112 1994 1252 2078 Dionyso
1269 1990 1453 2076 placuerit,

203 2107 286 2174 alio
309 2108 374 2173 die
397 2109 562 2173 addemus.
