3172 5820
623 616 778 738 -ιι-

170 804 367 888 Berglerus:
409 812 435 880 Ο
468 813 605 898 Popule,
627 813 831 898 praeclarum
870 808 989 894 utique
1015 808 1115 877 habes
1149 799 1328 892 'imperium

171 973 178 988 .
213 973 220 988 .
257 974 265 989 .
305 976 312 988 .
352 948 471 994 .mens
493 935 602 994 autem
624 935 682 994 tua
705 941 862 1010 praesens
886 931 936 991 est
958 926 1088 991 absens.

171 1087 381 1157 Ribbeokus:
414 1097 440 1160 0
472 1096 601 1178 Demos,
626 1060 961 1183 lr‘enei.denswert¹ist
986 1091 1090 1183 deine
1124 1088 1259 1156 Gewalt.
1283 1123 1327 1134 —

177 1252 367 1276 .....
387 1210 446 1274 der
469 1210 630 1274 Verstand
666 1195 778 1274 indess
802 1205 954 1299 schueilt
969 1210 1124 1270 auswatrts
1142 1224 1180 1268 zu
1204 1202 1323 1266 Hause.

174 1369 358 1452 Seegerus:
383 1375 511 1452 Demos,
536 1375 595 1440 uie
619 1370 662 1440 du
685 1373 837 1455 gewaltig
860 1373 926 1438 bist
955 1417 1308 1440 .........

146 1482 269 1574 ,Witz
222 1485 402 1566 ttergeh
388 1487 494 1551 tsioh
518 1506 563 1551 uo
587 1488 716 1610 anders.

177 1648 314 1746 Hieron
340 1651 535 1716 Muellerus:
568 1652 640 1717 Wie
663 1651 824 1719 herrliche
848 1648 957 1715 Macht
979 1649 1022 1714 du
1044 1615 1128 1730 iibst,
1105 1643 1325 1760 toDemos‚

146 1813 369 1830 ......
389 1764 470 1829 doeh
493 1762 660 1829 schweilet
683 1765 742 1829 der
766 1763 861 1829 Geist
883 1745 932 1828 ab
1012 1760 1015 1765 ’
1081 1839 1084 1846 Ι
1194 1807 1221 1844 a

174 1928 267 1993 Unus
292 1931 440 1996 mihit
397 1931 440 1996 sit
464 1936 579 2013 except
580 1949 617 1996 us
648 1931 714 1997 loh.
739 1929 832 1995 Gust.
857 1878 1052 2012 Droysenus.
1084 1927 1149 2007 Qui
1178 1926 1230 1992 vir
1250 1924 1325 1993 doc-

146 2060 217 2106 mus
243 2062 318 2109 cum
355 2049 420 2110 tam
445 2044 575 2126 egregie
608 2044 691 2108 hane
727 2042 924 2108 comoediam
954 2040 989 2119 in
1020 2045 1163 2106 nostram
1186 2041 1326 2122 linguam

146 2148 281 2237 rorterit,
306 2163 358 2237 ut,
379 2164 486 2223 utrum
509 2158 629 2238 ingenii
671 2175 815 2234 acumen,
847 2174 908 2237 quo
932 2154 1127 2220 secretiores
1156 2160 1193 2219 et
1222 2155 1329 2236 paene

146 2269 257 2334 inditas
275 2271 484 2352 indagaverit
506 2288 660 2337 versuum
683 2272 836 2335 venustet
837 2287 883 2348 es,
906 2288 948 2334 arr
972 2269 1122 2334 vertendi
1142 2268 1247 2349 magis
1269 2269 1326 2333 ad

146 2383 199 2448 tris
223 2386 314 2466 perit
315 2386 388 2464 iarn,
415 2404 533 2467 saepe
547 2385 686 2467 nescias,
716 2383 814 2448 hosce
842 2401 970 2473 quoque
1002 2381 1071 2448 suis
1100 2382 1249 2447 versibus
1279 2381 1327 2447 ita

146 2497 280 2576 lidit,u
283 2499 502 2563 tdummodo
540 2497 767 2579 Aristophanis
803 2495 909 2561 lusum
940 2496 1159 2589 perspexeris,
1190 2484 1328 2576 uestigia

146 2610 266 2677 etiam
302 2613 336 2676 in
367 2613 567 2677 versionet
553 2612 613 2678 tibi
644 2611 798 2677 videaris
817 2610 1072 2693 deprehendere
1103 2609 1232 2675 Etenim
1256 2627 1327 2674 eum

146 2724 338 2789 icantioum
356 2717 506 2790 v‘erbisd
531 2728 613 2803 Δῆμε
628 2725 771 2807 incipiat,
801 2725 929 2790 desinat
944 2724 978 2787 in
1000 2727 1068 2792 νοῦς
1091 2724 1127 2783 δέ
1149 2743 1203 2783 σου
1226 2719 1328 2799 aopdr

146 2839 235 2914 ιημεϊ,
260 2838 394 2903 dubium
417 2856 480 2903 non
504 2843 564 2917 est,
589 2838 666 2920 quin
682 2857 746 2904 non
779 2838 880 2919 magis
896 2833 1001 2915 napata
1023 2835 1176 2915 dandami
1202 2852 1324 2918 oxymo-

146 2998 163 3029 ,,
198 2951 284 3031 quod
319 2956 444 3030 vocant,
477 2950 616 3030 efficiat,
651 2971 746 3033 quam
780 2954 884 3031 Δῆμος
918 2949 1084 3029 ἀπυιιημῶν
1117 2948 1327 3014 bellissimum

146 3083 191 3129 rm.
1200 3087 1201 3090 ¹

181 3203 272 3280 Quae
295 3221 350 3268 res
374 3222 445 3269 cum
470 3205 517 3269 ita
539 3203 592 3284 sit,
617 3205 896 3287 praestantissime
920 3202 1106 3287 Droysenus
1138 3198 1185 3268 sic
1209 3201 1327 3268 vertit:

331 3367 404 3434 Wol
426 3370 471 3434 ist
493 3371 552 3448 dir,
577 3389 595 3434 o
618 3371 711 3452 Volk,
735 3371 869 3439 bestellt
960 3454 963 3459 1

333 3484 395 3548 Die
418 3483 611 3548 herrliohste
635 3485 745 3551 Macht
767 3478 831 3549 der
848 3482 1011 3564 Wolt3.

439 3712 508 3779 s.it
494 3699 590 3777 tzeud
613 3712 768 3803 verlierst
754 3712 834 3777 tdn
857 3675 942 3781 darn

334 3823 396 3888 den
421 3824 536 3888 Witz
527 3845 561 3890 m
585 3825 637 3908 die
661 3824 808 3890 Wolken.

184 3990 284 4071 Atqui
310 3991 460 4071 quoniam
484 3990 601 4054 nonin
625 3989 789 4054 vocabulis
819 3988 927 4069 „,wol“
953 3993 987 4052 et
1012 3987 1186 4072 „Wolken“
1213 3988 1327 4053 sedin
1372 4007 1375 4013 ’

146 4103 296 4166 stantivis
320 4101 456 4182 „Volk,“
481 4108 515 4167 et
539 4102 718 4185 „Wolkeu“
735 4102 835 4181 lusus,
853 4101 1084 4184 qualiscunque
1102 4106 1162 4182 est,
1180 4100 1328 4167 continet

166 4214 278 4297 populi
301 4233 378 4280 vero
401 4234 518 4280 nomen
540 4234 604 4281 uon
628 4214 722 4279 eain
746 4230 861 4279 versus
883 4215 962 4279 sede
987 4203 1175 4279 collocatum
1199 4219 1259 4294 est,
1291 4221 1328 4280 ut

146 4327 275 4392 abarum
310 4327 537 4392 similitudines
566 4325 662 4391 focile
692 4327 826 4392 auribus
856 4325 1086 4410 percipientur,
1121 4346 1183 4394 non
1212 4316 1327 4394 inutile

146 4443 260 4507 ihaeo
292 4443 438 4524 pluribus
469 4448 680 4524 pertractare.
716 4443 776 4506 Est
811 4443 896 4507 enim
931 4444 1023 4524 quasi
1058 4443 1145 4509 diras
1160 4445 1327 4508 sermone

146 4558 272 4622 naculo:
305 4557 448 4626 Geehrte
472 4555 719 4636 Versammlung
745 4608 752 4623 .
790 4606 796 4619 .
832 4557 905 4623 ,du
929 4556 995 4621 bist
1017 4554 1327 4638 nichtgesammelo,

157 4663 274 4734 latinet‘
296 4671 322 4734 0
346 4670 494 4749 curiales,
518 4687 625 4733 rerum
648 4672 829 4733 vestrarum
853 4669 936 4732 estis
956 4669 1119 4751 incuriosi,
1142 4669 1329 4737 Ocontiol

152 4784 260 4847 sanit
246 4783 304 4848 tibi
322 4801 357 4847 es
381 4784 518 4863 conscia,
542 4784 611 4871 rel:
635 4773 778 4846 Habes
769 4784 939 4863 imperium
954 4782 1131 4864 pulchrum,
1156 4783 1327 4887 opopule,¹

165 4913 200 4960 es
224 4895 342 4960 hebesl
366 4896 539 4978 Imperium
562 4895 672 4975 habes,
699 4894 924 5041 opopule,¹
883 4895 962 4961 sed
984 4902 1074 4960 ment
1072 4897 1102 4961 is
1134 4908 1173 4961 es
1200 4882 1327 4979 expers,

146 5027 223 5093 quae
247 5013 323 5073 sunt
309 5009 439 5074 thuius
462 5009 602 5090 generis
614 5013 807 5074 sexcenta.
1100 5019 1103 5026 “
