3172 5820
778 515 818 578 27

721 605 874 613 -——·-

226 707 230 719 ¹
284 687 386 768 Atque
409 686 442 750 in
465 686 515 752 his
536 688 667 768 quidem
691 683 859 755 verborum
882 687 1005 751 lusibus
1036 703 1098 749 non
1122 690 1182 764 est,
1213 689 1246 752 in
1269 707 1331 770 quo
1356 707 1420 751 nen

200 801 362 888 reperiatur
393 799 579 864 vocabulum
610 820 687 866 vere
718 802 910 881 ambiguum.
945 799 982 862 ln
1016 789 1149 879 reliquis
1185 804 1304 879 autem,
1340 819 1419 881 ques

202 921 281 987 etlam
302 912 470 993 denotabo,
494 912 618 978 lusibus
641 915 832 996 ambiguitas
856 913 912 977 illa
942 912 1152 976 similitudine
1183 914 1319 994 quadam
1343 932 1417 978 con·
1482 955 1488 960 -

198 1033 306 1104 timetur,
328 1025 419 1089 velut
441 1027 475 1089 in
491 1026 571 1107 Equ.
594 1046 656 1091 vss.
681 1027 850 1089 ann-ael
877 1023 912 1086 αί
930 1049 960 1086 κε
982 1022 1022 1104 μή
1047 1028 1180 1107 θαλφθῇ
1202 1024 1310 1104 λόχοις.

284 1136 377 1201 Ἀλλ.
401 1136 439 1197 τά
463 1140 515 1217 μὲν
537 1138 609 1219 λόγι’
634 1138 761 1200 αιῗκάλλει
785 1163 820 1217 με
844 1184 997 1213 ......
1029 1159 1090 1222 quo
1118 1141 1270 1205 inversu
1292 1139 1421 1202 αιῗκάλλει

195 1260 231 1324 ita
249 1274 265 1318 a
285 1257 379 1334 petita
408 1252 542 1332 dicitur,
574 1273 611 1316 ac
642 1254 668 1317 si
699 1253 739 1318 ab
763 1250 798 1311 αλ
825 1276 855 1312 κε
879 1253 1028 1332 ducatum
1060 1253 1191 1320 vocibus
1214 1254 1313 1336 igitur
1336 1252 1372 1314 αί
1388 1277 1419 1315 ιε

195 1366 329 1444 allicitur,
364 1369 401 1428 ut
432 1366 563 1430 verbum
581 1365 745 1440 -αιῖκιίλλειν,
776 1367 902 1431 etiamsi
937 1387 999 1432 nnn
1023 1368 1066 1432 sit
1089 1368 1279 1449 ambignum,
1311 1373 1419 1433 tamen

195 1481 356 1561 ambignum
378 1473 535 1544 videatur'.
558 1481 604 1544 Ac
628 1480 711 1545 tales
742 1480 888 1564 plerique
923 1486 998 1545 sunt
1027 1481 1113 1546 inter
1133 1501 1191 1546 eos
1214 1482 1314 1561 lusus,
1338 1500 1418 1574 quos

194 1597 288 1664 addam
310 1593 402 1658 infra.
554 1672 557 1676 ι
1248 1591 1253 1601 ’

166 1756 167 1760 ,
280 1707 360 1772 Sunt
382 1725 458 1773 uere
483 1709 593 1785 etiam,
617 1711 672 1790 qui
696 1709 764 1773 sola
786 1708 1013 1773 vocabulorum
1044 1707 1254 1773 similitudine
1285 1709 1418 1774 videan-

194 1829 237 1888 tur
255 1821 349 1884 risum
373 1838 513 1902 mouere,
548 1827 585 1885 ut
607 1821 849 1886 celeberrimum
878 1821 957 1889 illud
986 1820 1104 1902 χέσαιτο
1135 1819 1191 1900 γὰρ
1214 1827 1238 1882 a?
1260 1819 1441 1904 μαχέσαιτο

193 1937 231 2022 (in
249 1935 324 2016 Equ.
347 1953 393 1998 ve.
421 1933 527 2020 1057).
551 1935 604 1999 Fit
627 1935 775 2017 denique,
800 1939 836 1998 ut
859 1934 975 1999 similia
999 1934 1054 2000 illa
1088 1935 1242 2001 voeabula
1273 1936 1414 2017 cogiten-

192 2057 236 2116 tur
254 2053 373 2112 tantum
397 2053 432 2113 et
454 2049 626 2129 videantur
648 2048 761 2127 audiri,
787 2067 977 2132 quamquam
1012 2067 1075 2112 nou
1109 2049 1293 2113 audiuntur.
1329 2049 1418 2127 Quae

193 2182 251 2230 eum
271 2177 367 2242 supra
389 2160 782 2286 pluribgtszexplieaverim
808 2160 860 2244 (cf.
897 2162 1045 2243 quaeda
1080 2162 1161 2244 Equ.
1197 2183 1224 2225 v.
1248 2160 1291 2224 55
1314 2159 1423 2240 »μᾶζαν

190 2272 341 2357 μεμαχότος
363 2276 421 2334 κτλ.
446 2229 631 2360 didputdvi),
655 2274 735 2339 nibil
757 2253 901 2357 impedit,
926 2276 1095 2356 queminus
1112 2286 1222 2342 omnes
1244 2276 1343 2356 lusun,
1368 2277 1423 2358 qni

190 2389 340 2456 extribus
362 2389 413 2452 his
445 2387 600 2470 exemplis
629 2371 877 2468 intellegantur,
912 2389 1092 2469 promiscue
1130 2390 1337 2470 perscribam.
1373 2388 1422 2454 ef.

187 2505 272 2587 igitur
293 2502 326 2565 in
350 2501 438 2566 Ach.
463 2520 525 2565 VSS.
551 2501 679 2564 82-83
711 2498 790 2577 όρών
816 2538 858 2547 -
881 2498 1044 2580 ξυνήχαχεν,
1077 2501 1140 2564 270
1162 2506 1264 2583 μαχῶν
1286 2505 1335 2562 καὶ
1358 2505 1421 2564 Λα·
1516 2577 1519 2581 ι

186 2613 291 2697 μάχων,
322 2615 385 2678 606
413 2613 467 2674 κάν
490 2616 520 2673 Γ
518 2615 568 2689 έλᾳ
591 2599 660 2674 κάν
674 2600 847 2691 Καταχίληι,
880 2613 1055 2677 904-909
1085 2617 1151 2690 τρίιι
1181 2618 1356 2695 προςβαλείν
1381 2655 1422 2664 --

185 2724 263 2810 όρχον
285 2725 387 2787 ἐλάσαι
413 2765 444 2773 -
476 2729 601 2787 συκίδων
628 2764 665 2772 --
690 2723 1025 2808 ὄρχον-ἀλείφεσθαι
1050 2727 1163 2813 (σῦκον,
1185 2724 1307 2810 όρχεις),
1341 2731 1419 2794 1071

184 2839 266 2922 μάχαι
295 2843 344 2899 καὶ
367 2836 527 2921 Λάμαχοι,
564 2841 646 2903 1122
696 2840 778 2902 1123
801 2842 985 2919 κιλλίβαντας
1008 2877 1048 2886 -
1073 2844 1260 2921 κριβανίτας,
1295 2845 1419 2907 1219-

185 2954 256 3017 1221
282 2956 457 3013 σκοτοδινιῶ
482 2991 522 2999 -
546 2955 732 3032 σκοτοβινιῶ,
756 2955 788 3018 in
809 2954 904 3035 Equ
928 2973 991 3018 VSS.
1015 2953 1057 3016 55
1081 2952 1179 3032 μᾶζαν
1201 2954 1370 3038 μεμαχότος
1393 2961 1422 3018 ἐν

178 3069 276 3143 aaa,
301 3066 470 3129 am-an
497 3067 560 3126 σαι
585 3105 624 3114 -.
648 3065 785 3138 einaim,
808 3066 981 3129 nea-nee
1005 3065 1103 3136 αισα
1128 3108 1167 3117 -
1191 3073 1274 3146 ιαμ,
1315 3046 1423 3134 ονε*7

176 3179 237 3244 829
258 3177 407 3261 χαιρήσεις
432 3217 470 3227 «-
493 3176 632 3259 αἱρήσεις,
656 3181 720 3242 910
743 3177 893 3254 παφλάζει
918 3180 1128 3264 (Παφλαγών),
1152 3184 1332 3247 '989-996
1355 3187 1421 3247 Λω-

174 3288 513 3373 ριστλ-ἶδωροδοκητί,
541 3293 620 3356 1057
637 3294 756 3373 χέσαιτο
783 3330 814 3338 --
832 3295 1011 3374 μαχέσαιτο,
1033 3294 1246 3361 1058-1060
1259 3295 1361 3357 Πάλον
1379 3335 1418 3346 -

175 3404 308 3481 κοίλους,
335 3406 551 3471 1081-1083
573 3405 726 3486 Κυλλήνην
744 3445 784 3454 -
801 3411 899 3486 κυλλῇ,
926 3407 1007 3471 1182
1032 3410 1172 3486 ἐλατῆρος
1189 3447 1229 3456 -
1247 3408 1420 3491 ἐλαύνωμεν,

175 3519 260 3586 1184
283 3521 409 3599 ἐντέροις
433 3559 472 3568 -
498 3518 683 3600 ἐντερόνειαν,
710 3521 921 3585 1188-1189
945 3524 1011 3597 τρία
1035 3559 1075 3571 -
1102 3521 1273 3604 Τριτογενὴς
1297 3560 1337 3573 --
1362 3529 1420 3586 ἐνε-

172 3632 349 3713 τριτώνισεν,
370 3635 404 3699 in
421 3636 448 3699 N
458 3636 517 3700 ub.
547 3655 610 3700 VSS.
634 3635 765 3700 23-‘24
792 3639 959 3697 κοππατιάν
977 3672 1016 3682 -
1037 3634 1189 3717 ἐξεκόπην,
1213 3639 1278 3702 439
1292 3639 1423 3724 (Στρεψι

171 3747 261 3827 adduc)
284 3751 536 3829 στρεψοδικῆσαι,
571 3749 654 3812 1273
685 3747 736 3810 ἀπ’
769 3745 839 3811 όνυυ
864 3747 939 3835 (άπὸ
963 3752 1047 3833 νοῦ),
1080 3751 1159 3815 1407
1190 3753 1356 3831 τέθριππον
1379 3791 1422 3804 --

171 3865 365 3942 ἐπιτριβῆναι,
394 3861 475 3926 1455
499 3864 631 3944 στρέψας
654 3862 883 3948 (Στρεψιάδης),
915 3863 947 3928 in
970 3866 1087 3948 Vesp.
1112 3884 1175 3930 vss,
1198 3868 1322 3933 40-41
1352 3865 1419 3947 ίστη

170 3973 268 4056 δημόν
291 4012 332 4023 -
356 3979 453 4055 δῆμον
476 3974 639 4051 διιστάναι,
663 3978 792 4041 42-45
816 3979 937 4053 Θέωρος
958 4015 1000 4025 -
1021 3977 1148 4057 κόρακος
1172 4015 1210 4035 ψ-
1238 3981 1356 4050 Θέωλος
1382 4020 1420 4030 -

169 4088 313 4164 κόλακος,
347 4090 478 4156 98-09
502 4094 606 4170 Δῆμον
629 4090 717 4152 καλόν
743 4089 896 4170 -κημὸς
926 4090 1032 4166 καλός,
1073 4091 1159 4155 184-
1182 4093 1243 4159 186
1268 4087 1355 4163 Οὖτις
1381 4130 1421 4145 -

172 4199 246 4288 οίτι,
269 4204 445 4270 352-363
468 4201 546 4284 ὀπῆς
563 4243 601 4253 -
621 4203 718 4277 όπίαν,
743 4205 805 4269 368
830 4207 972 4264 Δίκτυννα
1000 4243 1036 4251 -
1055 4202 1191 4280 ’δικτόου,
1217 4206 1281 4271 772
1304 4204 1421 4287 adn-

167 4317 285 4400 ἡλιάσει
301 4354 339 4367 --
360 4314 456 4398 ἥλιον,
477 4320 536 4383 811
552 4357 569 4364 ψ
586 4319 650 4382 814
666 4324 724 4395 πῦρ
747 4357 774 4365 —-
799 4320 941 4397 πυρέττω,
964 4318 1135 4383 956-957
1152 4318 1241 4398 τυρόν
1258 4357 1294 4377 ε-
1312 4320 1419 4399 δόρατ’,

166 4435 200 4499 in
230 4433 319 4499 Pac.
348 4451 413 4499 VSS.
441 4432 570 4496 51-63
601 4422 747 4510 άνδριόιοι
775 4470 813 4481 -
839 4431 966 4508 άνδράσι
996 4471 1022 4479 -—
1064 4431 1192 4509 άνδράσι
1217 4472 1253 4485 -
1279 4434 1419 4515 ὑπερηκοε

167 4550 300 4630 elevem,
346 4545 391 4611 59
413 4545 532 4626 κόρημα
562 4586 591 4595 -—
619 4545 730 4621 ἐκκόρει
754 4544 881 4631 (κόρις),
933 4547 986 4609 171
1016 4549 1098 4607 Χίων
1122 4546 1222 4632 (χέζω,
1246 4554 1323 4618 Χῖος
1344 4542 1420 4628 daei

165 4659 334 4724 ἀποπατεῖν
363 4660 488 4747 schol),
520 4660 614 4725 192-
629 4660 689 4724 193
705 4661 790 4736 κρέας
813 4696 854 4707 ——
877 4662 1054 4737 δειλακρίων,
1083 4661 1259 4726 242-244
1287 4661 1421 4738 Πρασιαὶ

166 4815 203 4826 „.
228 4781 365 4856 πρόεχμα,
389 4774 561 4838 246--248
586 4775 709 4854 Μέγαρα
744 4813 766 4820 -
797 4773 921 4854 μεγάλα,
951 4763 1124 4838 del-‘4432
1148 4773 1255 4854 ψιάλην
1279 4811 1320 4822 ψ
1343 4772 1421 4855 ἀνα·
1464 4858 1466 4863 Ι

162 4893 278 4979 λοῦμεν,
310 4889 488 4956 835-836
508 4884 568 4952 Ἴων
593 4925 633 4936 --
657 4886 766 4962 Ἀσίαν,
798 4888 863 4952 926
885 4891 940 4970 βοΐ
960 4925 1001 4936 «-
1024 4892 1162 4970 βοηθεῖν,
1195 4889 1368 4956 927--928
1392 4889 1441 4956 dt
