3248 5828
789 594 833 669 lo

732 695 885 703 ——.-.—

80 843 84 848 .
187 761 400 848 adversarius
416 781 486 845 eius
508 779 676 862 aptissime
699 781 800 845 dicat:
825 780 916 858 „Non
940 797 1000 861 ego
1024 778 1113 842 solus
1126 778 1281 853 laetabor,
1305 797 1379 842 eum
1401 781 1434 842 te

185 895 324 977 periisse
347 895 469 976 videro,
493 894 552 957 sed
568 894 640 975 ipse
658 912 792 976 quoque·
801 892 1046 959 Atheniensium
1063 898 1211 964 senatus,
1235 892 1288 956 cui
1301 891 1433 954 nimium

186 1007 267 1087 fidis,
293 1007 410 1088 gaudio
434 1006 639 1071 exsultabit.“

199 1135 203 1143 ·
231 1167 237 1188 ,
289 1120 332 1184 llt
354 1120 511 1201 quomodo
534 1121 723 1197 παρ’ῥοπίπην
745 1118 834 1182 illum
856 1119 979 1197 γέροντα
994 1117 1196 1200 explicabis?
1219 1119 1285 1183 Aut
1298 1117 1433 1182 hilarem

186 1227 221 1297 at
241 1233 405 1312 lascivum,
428 1231 585 1314 voluptati
609 1232 852 1313 obsequentem,
877 1232 1029 1313 vitaeque
1044 1233 1138 1297 nimis
1158 1233 1306 1314 cupidum
1322 1249 1433 1296 senem

186 1347 277 1411 illum
301 1365 375 1411 esse
398 1347 552 1427 dicemus,
593 1345 683 1409 ouius
707 1344 856 1410 iuvenilis
881 1346 979 1410 etiam
1004 1346 1129 1410 animus
1165 1351 1200 1410 et
1223 1345 1315 1426 vigor
1339 1343 1432 1408 facile

185 1460 317 1524 acuendi
352 1463 387 1523 et
420 1459 547 1523 incitari
583 1457 696 1538 possit,
731 1465 769 1521 ut
801 1458 918 1538 gaudio
953 1457 1058 1522 elatus
1080 1458 1133 1524 vel
1163 1458 1232 1523 alta
1254 1477 1334 1524 voee
1359 1477 1431 1522 can-

184 1579 258 1638 tare
279 1573 415 1654 incipiat
436 1606 480 1619 —-
502 1577 558 1636 aut
580 1571 631 1636 hic
655 1573 752 1636 etiam
776 1589 890 1636 versus
912 1571 1079 1654 Droyseno
1095 1571 1353 1666 suffragabitur,
1377 1573 1433 1654 qui

187 1683 339 1752 Cleonem
360 1686 464 1751 fulvos
489 1686 593 1750 urinas
616 1686 769 1751 habuisse
793 1685 1026 1768 suspicabatur.
1059 1686 1149 1764 Quae
1172 1686 1337 1750 sententia
1360 1703 1432 1749 cum

88 1834 91 1843 ,
184 1817 248 1864 non
271 1799 305 1863 in
326 1799 395 1868 wsolo
418 1816 515 1863 versu
538 1798 599 1862 901
624 1799 718 1864 huius
741 1800 925 1864 comoediae
961 1797 1173 1877 (Πυρράνδρου
1196 1795 1230 1859 τὸ
1255 1796 1432 1879 μηχάνημα)

188 1913 323 1992 nitatur,
347 1911 406 1976 sed
430 1912 528 1976 etiam
551 1930 570 1976 e
593 1912 741 1995 Romus
767 1914 867 1988 7302

344 2033 408 2096 τοῖς
430 2026 464 2085 δὲ
487 2028 604 2107 χαλκοῖς
625 2028 674 2085 καὶ
697 2025 790 2098 ξένοις
812 2028 861 2086 καὶ
883 2028 1019 2104 πυρρίαις

346 2142 396 2199 καὶ
418 2146 559 2217 πονηροῖς
582 2136 638 2198 κάκ
659 2143 796 2216 πονηρῶν
817 2144 857 2206 εἰς
880 2132 998 2199 ἅπαντα
1020 2136 1165 2219 χρώμεθα
1188 2142 1249 2203 ml..

88 2255 90 2261 ⁴
175 2252 293 2334 eolligi
316 2257 424 2334 queat,
461 2253 578 2335 qnippe
602 2251 767 2333 quoviles
791 2252 910 2317 nummi
932 2252 1073 2334 malique
1095 2253 1291 2335 reipublicae
1313 2254 1434 2347 guber·

185 2371 317 2431 natores
332 2367 499 2446 -ambiguis
522 2366 633 2431 verbis
654 2384 759 2447 aeque
781 2370 944 2444 notentur,
970 2402 1013 2413 -
1034 2366 1230 2432 nostroaeloco
1246 2369 1435 2445 πυρροπίπαι

186 2484 354 2543 senatores
377 2478 423 2542 illi
447 2479 664 2543 Athenienses
688 2479 783 2542 nimis
806 2498 826 2543 a
849 2478 979 2543 Cleonis
1000 2485 1081 2544 nutu
1095 2481 1276 2561 pandentes
1293 2499 1434 2563 eumque

186 2576 315 2675 sember
338 2592 548 2674 omnibusque
571 2593 603 2656 in
627 2593 724 2658 rebus
747 2593 971 2673 respicientes·
984 2593 1047 2656 diei
1062 2599 1222 2675 poterant.
1246 2595 1314 2659 lam
1330 2594 1434 2658 habes

186 2707 228 2769 iul
250 2706 365 2769 omnia.
390 2705 513 2769 Chorus
537 2706 622 2769 enim
646 2705 797 2770 Cleonem
821 2712 1006 2770 senatorum
1031 2707 1140 2772 studia
1160 2726 1239 2789 prae
1263 2727 1307 2794 se¹
1323 2707 1434 2772 leren-

186 2823 253 2883 tem
289 2817 349 2900 (vs.
374 2817 452 2899 395)
487 2818 612 2883 mobilis
636 2818 722 2882 illius
745 2819 908 2901 popularis
931 2838 1029 2883 aurae
1061 2819 1316 2900 commonefacit,
1348 2840 1436 2902 quae

186 2929 299 2995 felices
324 2937 488 3012 sequatur,
512 2937 637 2995 mutata
659 2930 788 2995 fortuna
819 2931 889 3012 ipse
912 2950 1038 3014 quoque
1061 2938 1214 3012 mutetur,
1243 2933 1290 2998 ita
1325 2941 1363 2998 ut
1396 2935 1435 3014 ia,

186 3045 240 3125 qui
262 3045 401 3125 vigentis
425 3045 523 3108 etiam
563 3043 642 3108 fulvi
665 3045 793 3109 Cleonis
824 3051 1004 3113 assectator
1040 3044 1147 3115 luerit.
1185 3054 1242 3112 aut
1272 3052 1436 3112 mortuum

188 3163 245 3221 aut
266 3157 373 3238 patria
394 3157 609 3222 honoribusve
632 3157 797 3238 expulsum
821 3162 879 3221 aut
900 3158 974 3222 aliis
995 3159 1138 3240 ,denique
1161 3161 1308 3237 adversis
1328 3161 1437 3226 rebus

184 3267 422 3349 labefeatatum
446 3270 593 3334 videatur
615 3269 780 3335 illusurus.

287 3383 391 3464 quu.v
411 3403 498 3447 vss.
527 3383 750 3448 1111-1120,
777 3411 780 3423 ·

391 3501 469 3574 Χορ.
521 3489 545 3554 ὦ
570 3500 598 3556 A
604 3519 621 3575 η
632 3519 681 3570 με,
705 3494 794 3574 καλήν
816 3496 841 3576 γ’
865 3497 936 3580 ἔχεις

517 3608 624 3690 α’ρχήν,
647 3603 698 3670 ὅτε
720 3608 827 3679 πάντες
841 3607 897 3691 ab·

515 3733 637 3804 θρωποε
659 3727 777 3787 δεδίασί
798 3721 825 3784 α’
850 3719 905 3793 ὥς·

515 3858 570 3916 περ
593 3832 690 3919 ἄνδρα
712 3836 863 3914 τύραννον,

440 4011 441 4015 ,
495 3949 579 4029 ἀλλ’
602 3949 810 4031 εὐπαράγωγος
831 3949 866 4027 εἷ,

515 4062 729 4142 θωπευόμενός
750 4087 781 4124 πε
803 4068 880 4145 χαιίΙ

424 4230 426 4235 ⁴
503 4202 572 4256 ,ρεις
594 4176 852 4258 κάξαπατώμενος,

515 4290 592 4372 πρὸς
614 4291 667 4354 τόν
688 4316 719 4353 τε
740 4291 848 4372 λέγοντ’
872 4290 916 4353 ἀεὶ

513 4406 642 4486 κέχηνας·
667 4405 682 4465 ὁ
705 4410 774 4474 νοῦς
797 4405 836 4465 ‹le‘
853 4428 908 4467 σου

515 4515 850 4597 παρώνοὶποδημεῖ.
1004 4588 1006 4593 ⁴
1319 4563 1391 4591 1⁴2.
1427 4558 1435 4594 ι

286 4628 565 4711 Elegantissimus
590 4631 645 4713 qui
674 4630 724 4698 his
752 4633 803 4695 in‘
820 4630 967 4697 versibus
1002 4629 1094 4714 latet,
1129 4635 1298 4700 verborum
1328 4619 1436 4709 lusus

182 4742 382 4825 interpretes
406 4742 528 4827 effugit
1033 4820 1035 4827 s
1275 4800 1278 4811 ,
1317 4805 1330 4814 ,Δ
1369 4808 1372 4815 2
1404 4814 1410 4822 ,

287 4856 341 4920 Sic
365 4857 451 4921 enim
467 4857 568 4922 vertit
582 4855 761 4923 Kusterus:
786 4858 812 4924 0
828 4860 997 4943 imperium
1015 4861 1069 4942 qui
1085 4859 1185 4925 hebes
1201 4861 1373 4943 pulchrum
1386 4900 1437 4945 η

190 5002 219 5036 ,η
244 5018 598 5039 .........
606 4973 728 5053 'procul
751 4972 812 5037 sed
833 4993 967 5056 corpore
990 4976 1085 5040 abest
1108 4993 1208 5042 mens.
1323 5015 1331 5038 .·
1374 5028 1378 5035 .
1417 5010 1437 5053 e
